%YAML 1.1
%TAG !u! tag:unity3d.com,2011:
--- !u!29 &1
SceneSettings:
  m_ObjectHideFlags: 0
  m_PVSData: 
  m_PVSObjectsArray: []
  m_PVSPortalsArray: []
  m_OcclusionBakeSettings:
    smallestOccluder: 5
    smallestHole: .25
    backfaceThreshold: 100
--- !u!104 &2
RenderSettings:
  m_ObjectHideFlags: 0
  serializedVersion: 6
  m_Fog: 0
  m_FogColor: {r: .5, g: .5, b: .5, a: 1}
  m_FogMode: 3
  m_FogDensity: .00999999978
  m_LinearFogStart: 0
  m_LinearFogEnd: 300
  m_AmbientSkyColor: {r: .211999997, g: .226999998, b: .259000003, a: 1}
  m_AmbientEquatorColor: {r: .114, g: .125, b: .133000001, a: 1}
  m_AmbientGroundColor: {r: .0469999984, g: .0430000015, b: .0350000001, a: 1}
  m_AmbientIntensity: 0
  m_AmbientMode: 0
  m_SkyboxMaterial: {fileID: 10304, guid: 0000000000000000f000000000000000, type: 0}
  m_HaloStrength: .5
  m_FlareStrength: 1
  m_FlareFadeSpeed: 3
  m_HaloTexture: {fileID: 0}
  m_SpotCookie: {fileID: 10001, guid: 0000000000000000e000000000000000, type: 0}
  m_DefaultReflectionMode: 0
  m_DefaultReflectionResolution: 128
  m_ReflectionBounces: 1
  m_ReflectionIntensity: 0
  m_CustomReflection: {fileID: 0}
  m_Sun: {fileID: 0}
--- !u!127 &3
LevelGameManager:
  m_ObjectHideFlags: 0
--- !u!157 &4
LightmapSettings:
  m_ObjectHideFlags: 0
  serializedVersion: 5
  m_GIWorkflowMode: 0
  m_LightmapsMode: 1
  m_GISettings:
    serializedVersion: 2
    m_BounceScale: 1
    m_IndirectOutputScale: 1
    m_AlbedoBoost: 1
    m_TemporalCoherenceThreshold: 1
    m_EnvironmentLightingMode: 0
    m_EnableBakedLightmaps: 1
    m_EnableRealtimeLightmaps: 1
  m_LightmapEditorSettings:
    serializedVersion: 3
    m_Resolution: 2
    m_BakeResolution: 40
    m_TextureWidth: 1024
    m_TextureHeight: 1024
    m_AOMaxDistance: 1
    m_Padding: 2
    m_CompAOExponent: 0
    m_LightmapParameters: {fileID: 0}
    m_TextureCompression: 1
    m_FinalGather: 0
    m_FinalGatherRayCount: 1024
  m_LightmapSnapshot: {fileID: 0}
  m_RuntimeCPUUsage: 25
--- !u!196 &5
NavMeshSettings:
  serializedVersion: 2
  m_ObjectHideFlags: 0
  m_BuildSettings:
    serializedVersion: 2
    agentRadius: .5
    agentHeight: 2
    agentSlope: 45
    agentClimb: .400000006
    ledgeDropHeight: 0
    maxJumpAcrossDistance: 0
    accuratePlacement: 0
    minRegionArea: 2
    cellSize: .166666672
    manualCellSize: 0
  m_NavMeshData: {fileID: 0}
--- !u!1 &64765418
GameObject:
  m_ObjectHideFlags: 0
  m_PrefabParentObject: {fileID: 0}
  m_PrefabInternal: {fileID: 0}
  serializedVersion: 4
  m_Component:
  - 4: {fileID: 64765419}
  - 108: {fileID: 64765420}
  m_Layer: 0
  m_Name: PaintingLight
  m_TagString: Untagged
  m_Icon: {fileID: 0}
  m_NavMeshLayer: 0
  m_StaticEditorFlags: 0
  m_IsActive: 1
--- !u!4 &64765419
Transform:
  m_ObjectHideFlags: 0
  m_PrefabParentObject: {fileID: 0}
  m_PrefabInternal: {fileID: 0}
  m_GameObject: {fileID: 64765418}
  m_LocalRotation: {x: .359222621, y: .609064043, z: .359222442, w: -.609064341}
  m_LocalPosition: {x: -20.5900002, y: -1.09000003, z: .469999999}
  m_LocalScale: {x: 1, y: 1, z: 1}
  m_Children: []
  m_Father: {fileID: 0}
  m_RootOrder: 8
--- !u!108 &64765420
Light:
  m_ObjectHideFlags: 0
  m_PrefabParentObject: {fileID: 0}
  m_PrefabInternal: {fileID: 0}
  m_GameObject: {fileID: 64765418}
  m_Enabled: 1
  serializedVersion: 6
  m_Type: 0
  m_Color: {r: 1, g: 1, b: 1, a: 1}
  m_Intensity: 1.74000001
  m_Range: 16.1972218
  m_SpotAngle: 61.0495911
  m_CookieSize: 10
  m_Shadows:
    m_Type: 0
    m_Resolution: -1
    m_Strength: 1
    m_Bias: .0500000007
    m_NormalBias: .400000006
  m_Cookie: {fileID: 0}
  m_DrawHalo: 0
  m_Flare: {fileID: 0}
  m_RenderMode: 0
  m_CullingMask:
    serializedVersion: 2
    m_Bits: 4294967295
  m_Lightmapping: 4
  m_BounceIntensity: 1
  m_ShadowRadius: 0
  m_ShadowAngle: 0
  m_AreaSize: {x: 1, y: 1}
--- !u!1 &368538157
GameObject:
  m_ObjectHideFlags: 0
  m_PrefabParentObject: {fileID: 0}
  m_PrefabInternal: {fileID: 0}
  serializedVersion: 4
  m_Component:
  - 4: {fileID: 368538158}
  - 108: {fileID: 368538159}
  m_Layer: 0
  m_Name: Directional Light Fill
  m_TagString: Untagged
  m_Icon: {fileID: 0}
  m_NavMeshLayer: 0
  m_StaticEditorFlags: 0
  m_IsActive: 1
--- !u!4 &368538158
Transform:
  m_ObjectHideFlags: 0
  m_PrefabParentObject: {fileID: 0}
  m_PrefabInternal: {fileID: 0}
  m_GameObject: {fileID: 368538157}
  m_LocalRotation: {x: -.315001458, y: -.510305226, z: .755935371, w: -.262534797}
  m_LocalPosition: {x: -4.09272616e-11, y: 14.96, z: 7.89980459}
  m_LocalScale: {x: 1, y: 1, z: 1}
  m_Children: []
  m_Father: {fileID: 1727645669}
  m_RootOrder: 4
--- !u!108 &368538159
Light:
  m_ObjectHideFlags: 0
  m_PrefabParentObject: {fileID: 0}
  m_PrefabInternal: {fileID: 0}
  m_GameObject: {fileID: 368538157}
  m_Enabled: 1
  serializedVersion: 6
  m_Type: 1
  m_Color: {r: .441176474, g: .0421712697, b: .116931468, a: 1}
  m_Intensity: 1.03999996
  m_Range: 10
  m_SpotAngle: 30
  m_CookieSize: 10
  m_Shadows:
    m_Type: 2
    m_Resolution: -1
    m_Strength: 1
    m_Bias: .0500000007
    m_NormalBias: .400000006
  m_Cookie: {fileID: 0}
  m_DrawHalo: 0
  m_Flare: {fileID: 0}
  m_RenderMode: 0
  m_CullingMask:
    serializedVersion: 2
    m_Bits: 4294967295
  m_Lightmapping: 4
  m_BounceIntensity: 2.16000009
  m_ShadowRadius: 0
  m_ShadowAngle: 0
  m_AreaSize: {x: 1, y: 1}
--- !u!1 &429492922
GameObject:
  m_ObjectHideFlags: 0
  m_PrefabParentObject: {fileID: 100020, guid: b270435a9044e9849980fbe7228ab9b7, type: 3}
  m_PrefabInternal: {fileID: 0}
  serializedVersion: 4
  m_Component:
  - 4: {fileID: 429492923}
  m_Layer: 0
  m_Name: transform3
  m_TagString: Untagged
  m_Icon: {fileID: 0}
  m_NavMeshLayer: 0
  m_StaticEditorFlags: 0
  m_IsActive: 1
--- !u!4 &429492923
Transform:
  m_ObjectHideFlags: 0
  m_PrefabParentObject: {fileID: 400020, guid: b270435a9044e9849980fbe7228ab9b7, type: 3}
  m_PrefabInternal: {fileID: 0}
  m_GameObject: {fileID: 429492922}
  m_LocalRotation: {x: 0, y: 0, z: 0, w: 1}
  m_LocalPosition: {x: 0, y: 0, z: 0}
  m_LocalScale: {x: 1, y: 1, z: 1}
  m_Children: []
  m_Father: {fileID: 2033445621}
  m_RootOrder: 0
--- !u!1 &456847748 stripped
GameObject:
  m_PrefabParentObject: {fileID: 100012, guid: 74e9ae773eea9f249aca9fb2f1dadbed, type: 3}
  m_PrefabInternal: {fileID: 1459017597}
--- !u!64 &456847752
MeshCollider:
  m_ObjectHideFlags: 0
  m_PrefabParentObject: {fileID: 0}
  m_PrefabInternal: {fileID: 0}
  m_GameObject: {fileID: 456847748}
  m_Material: {fileID: 0}
  m_IsTrigger: 0
  m_Enabled: 1
  serializedVersion: 2
  m_Convex: 0
  m_Mesh: {fileID: 4300000, guid: 74e9ae773eea9f249aca9fb2f1dadbed, type: 3}
--- !u!1 &470837291
GameObject:
  m_ObjectHideFlags: 0
  m_PrefabParentObject: {fileID: 100006, guid: b270435a9044e9849980fbe7228ab9b7, type: 3}
  m_PrefabInternal: {fileID: 0}
  serializedVersion: 4
  m_Component:
  - 4: {fileID: 470837302}
  - 33: {fileID: 470837314}
  - 23: {fileID: 470837313}
  - 64: {fileID: 470837296}
  - 114: {fileID: 470837300}
  m_Layer: 0
  m_Name: polySurface3
  m_TagString: Door
  m_Icon: {fileID: 0}
  m_NavMeshLayer: 0
  m_StaticEditorFlags: 0
  m_IsActive: 1
--- !u!1 &470837292
GameObject:
  m_ObjectHideFlags: 0
  m_PrefabParentObject: {fileID: 100004, guid: b270435a9044e9849980fbe7228ab9b7, type: 3}
  m_PrefabInternal: {fileID: 0}
  serializedVersion: 4
  m_Component:
  - 4: {fileID: 470837303}
  - 33: {fileID: 470837316}
  - 23: {fileID: 470837315}
  - 64: {fileID: 470837297}
  - 114: {fileID: 470837301}
  m_Layer: 0
  m_Name: polySurface2
  m_TagString: Door
  m_Icon: {fileID: 0}
  m_NavMeshLayer: 0
  m_StaticEditorFlags: 0
  m_IsActive: 1
--- !u!64 &470837296
MeshCollider:
  m_ObjectHideFlags: 0
  m_PrefabParentObject: {fileID: 0}
  m_PrefabInternal: {fileID: 0}
  m_GameObject: {fileID: 470837291}
  m_Material: {fileID: 0}
  m_IsTrigger: 0
  m_Enabled: 1
  serializedVersion: 2
  m_Convex: 0
  m_Mesh: {fileID: 4300008, guid: b270435a9044e9849980fbe7228ab9b7, type: 3}
--- !u!64 &470837297
MeshCollider:
  m_ObjectHideFlags: 0
  m_PrefabParentObject: {fileID: 0}
  m_PrefabInternal: {fileID: 0}
  m_GameObject: {fileID: 470837292}
  m_Material: {fileID: 0}
  m_IsTrigger: 0
  m_Enabled: 1
  serializedVersion: 2
  m_Convex: 0
  m_Mesh: {fileID: 4300006, guid: b270435a9044e9849980fbe7228ab9b7, type: 3}
--- !u!114 &470837300
MonoBehaviour:
  m_ObjectHideFlags: 0
  m_PrefabParentObject: {fileID: 0}
  m_PrefabInternal: {fileID: 0}
  m_GameObject: {fileID: 470837291}
  m_Enabled: 1
  m_EditorHideFlags: 0
  m_Script: {fileID: 11500000, guid: 74720ff2899a85c448c7192b8bf8947d, type: 3}
  m_Name: 
  m_EditorClassIdentifier: 
  nextRoomPos: {x: -7.44000006, y: 1.72000003, z: -24.7600002}
  nextScene: 14
--- !u!114 &470837301
MonoBehaviour:
  m_ObjectHideFlags: 0
  m_PrefabParentObject: {fileID: 0}
  m_PrefabInternal: {fileID: 0}
  m_GameObject: {fileID: 470837292}
  m_Enabled: 1
  m_EditorHideFlags: 0
  m_Script: {fileID: 11500000, guid: 74720ff2899a85c448c7192b8bf8947d, type: 3}
  m_Name: 
  m_EditorClassIdentifier: 
  nextRoomPos: {x: 46.8790588, y: 2.26200008, z: -20.7960396}
  nextScene: 3
--- !u!4 &470837302
Transform:
  m_ObjectHideFlags: 0
  m_PrefabParentObject: {fileID: 400006, guid: b270435a9044e9849980fbe7228ab9b7, type: 3}
  m_PrefabInternal: {fileID: 0}
  m_GameObject: {fileID: 470837291}
  m_LocalRotation: {x: 0, y: .707106829, z: 0, w: .707106829}
  m_LocalPosition: {x: .00700000022, y: .206, z: -.186299995}
  m_LocalScale: {x: .637748003, y: .751567483, z: .758105516}
  m_Children: []
  m_Father: {fileID: 691480816}
  m_RootOrder: 2
--- !u!4 &470837303
Transform:
  m_ObjectHideFlags: 0
  m_PrefabParentObject: {fileID: 400004, guid: b270435a9044e9849980fbe7228ab9b7, type: 3}
  m_PrefabInternal: {fileID: 0}
  m_GameObject: {fileID: 470837292}
  m_LocalRotation: {x: 0, y: 0, z: 0, w: 1}
  m_LocalPosition: {x: -.00590000022, y: -.0209999997, z: -.0111999996}
  m_LocalScale: {x: 1.2983439, y: .765345097, z: 1.27645278}
  m_Children: []
  m_Father: {fileID: 691480816}
  m_RootOrder: 1
--- !u!23 &470837313
MeshRenderer:
  m_ObjectHideFlags: 0
  m_PrefabParentObject: {fileID: 2300002, guid: b270435a9044e9849980fbe7228ab9b7,
    type: 3}
  m_PrefabInternal: {fileID: 0}
  m_GameObject: {fileID: 470837291}
  m_Enabled: 1
  m_CastShadows: 1
  m_ReceiveShadows: 1
  m_Materials:
  - {fileID: 2100000, guid: 06c768a6408129544914c727080b90b9, type: 2}
  m_SubsetIndices: 
  m_StaticBatchRoot: {fileID: 0}
  m_UseLightProbes: 1
  m_ReflectionProbeUsage: 1
  m_ProbeAnchor: {fileID: 0}
  m_ScaleInLightmap: 1
  m_PreserveUVs: 0
  m_ImportantGI: 0
  m_AutoUVMaxDistance: .5
  m_AutoUVMaxAngle: 89
  m_LightmapParameters: {fileID: 0}
  m_SortingLayerID: 0
  m_SortingOrder: 0
--- !u!33 &470837314
MeshFilter:
  m_ObjectHideFlags: 0
  m_PrefabParentObject: {fileID: 3300002, guid: b270435a9044e9849980fbe7228ab9b7,
    type: 3}
  m_PrefabInternal: {fileID: 0}
  m_GameObject: {fileID: 470837291}
  m_Mesh: {fileID: 4300008, guid: b270435a9044e9849980fbe7228ab9b7, type: 3}
--- !u!23 &470837315
MeshRenderer:
  m_ObjectHideFlags: 0
  m_PrefabParentObject: {fileID: 2300000, guid: b270435a9044e9849980fbe7228ab9b7,
    type: 3}
  m_PrefabInternal: {fileID: 0}
  m_GameObject: {fileID: 470837292}
  m_Enabled: 1
  m_CastShadows: 1
  m_ReceiveShadows: 1
  m_Materials:
  - {fileID: 2100000, guid: 06c768a6408129544914c727080b90b9, type: 2}
  m_SubsetIndices: 
  m_StaticBatchRoot: {fileID: 0}
  m_UseLightProbes: 1
  m_ReflectionProbeUsage: 1
  m_ProbeAnchor: {fileID: 0}
  m_ScaleInLightmap: 1
  m_PreserveUVs: 0
  m_ImportantGI: 0
  m_AutoUVMaxDistance: .5
  m_AutoUVMaxAngle: 89
  m_LightmapParameters: {fileID: 0}
  m_SortingLayerID: 0
  m_SortingOrder: 0
--- !u!33 &470837316
MeshFilter:
  m_ObjectHideFlags: 0
  m_PrefabParentObject: {fileID: 3300000, guid: b270435a9044e9849980fbe7228ab9b7,
    type: 3}
  m_PrefabInternal: {fileID: 0}
  m_GameObject: {fileID: 470837292}
  m_Mesh: {fileID: 4300006, guid: b270435a9044e9849980fbe7228ab9b7, type: 3}
--- !u!1 &484724786
GameObject:
  m_ObjectHideFlags: 0
  m_PrefabParentObject: {fileID: 100016, guid: b270435a9044e9849980fbe7228ab9b7, type: 3}
  m_PrefabInternal: {fileID: 0}
  serializedVersion: 4
  m_Component:
  - 4: {fileID: 484724787}
  m_Layer: 0
  m_Name: transform1
  m_TagString: Untagged
  m_Icon: {fileID: 0}
  m_NavMeshLayer: 0
  m_StaticEditorFlags: 0
  m_IsActive: 1
--- !u!4 &484724787
Transform:
  m_ObjectHideFlags: 0
  m_PrefabParentObject: {fileID: 400016, guid: b270435a9044e9849980fbe7228ab9b7, type: 3}
  m_PrefabInternal: {fileID: 0}
  m_GameObject: {fileID: 484724786}
  m_LocalRotation: {x: 0, y: 0, z: 0, w: 1}
  m_LocalPosition: {x: 0, y: 0, z: 0}
  m_LocalScale: {x: 1, y: 1, z: 1}
  m_Children: []
  m_Father: {fileID: 691480816}
  m_RootOrder: 3
--- !u!1001 &523583267
Prefab:
  m_ObjectHideFlags: 0
  serializedVersion: 2
  m_Modification:
    m_TransformParent: {fileID: 0}
    m_Modifications:
    - target: {fileID: 400000, guid: 2aaa7bb702c237047896a4e763e85117, type: 3}
      propertyPath: m_LocalPosition.x
      value: -23.5900002
      objectReference: {fileID: 0}
    - target: {fileID: 400000, guid: 2aaa7bb702c237047896a4e763e85117, type: 3}
      propertyPath: m_LocalPosition.y
      value: 8.31000042
      objectReference: {fileID: 0}
    - target: {fileID: 400000, guid: 2aaa7bb702c237047896a4e763e85117, type: 3}
      propertyPath: m_LocalPosition.z
      value: .449999988
      objectReference: {fileID: 0}
    - target: {fileID: 400000, guid: 2aaa7bb702c237047896a4e763e85117, type: 3}
      propertyPath: m_LocalRotation.x
      value: 0
      objectReference: {fileID: 0}
    - target: {fileID: 400000, guid: 2aaa7bb702c237047896a4e763e85117, type: 3}
      propertyPath: m_LocalRotation.y
      value: .707106829
      objectReference: {fileID: 0}
    - target: {fileID: 400000, guid: 2aaa7bb702c237047896a4e763e85117, type: 3}
      propertyPath: m_LocalRotation.z
      value: 0
      objectReference: {fileID: 0}
    - target: {fileID: 400000, guid: 2aaa7bb702c237047896a4e763e85117, type: 3}
      propertyPath: m_LocalRotation.w
      value: .707106709
      objectReference: {fileID: 0}
    - target: {fileID: 400000, guid: 2aaa7bb702c237047896a4e763e85117, type: 3}
      propertyPath: m_RootOrder
      value: 2
      objectReference: {fileID: 0}
    - target: {fileID: 400000, guid: 2aaa7bb702c237047896a4e763e85117, type: 3}
      propertyPath: m_LocalScale.x
      value: 58.5538712
      objectReference: {fileID: 0}
    - target: {fileID: 400000, guid: 2aaa7bb702c237047896a4e763e85117, type: 3}
      propertyPath: m_LocalScale.y
      value: 61.46838
      objectReference: {fileID: 0}
    - target: {fileID: 400000, guid: 2aaa7bb702c237047896a4e763e85117, type: 3}
      propertyPath: m_LocalScale.z
      value: 47.6673317
      objectReference: {fileID: 0}
    - target: {fileID: 2300000, guid: 2aaa7bb702c237047896a4e763e85117, type: 3}
      propertyPath: m_CastShadows
      value: 0
      objectReference: {fileID: 0}
    m_RemovedComponents: []
  m_ParentPrefab: {fileID: 100100000, guid: 2aaa7bb702c237047896a4e763e85117, type: 3}
  m_IsPrefabParent: 0
--- !u!1001 &529951350
Prefab:
  m_ObjectHideFlags: 0
  serializedVersion: 2
  m_Modification:
    m_TransformParent: {fileID: 1727645669}
    m_Modifications:
    - target: {fileID: 433614, guid: a7c03942c4bf7a943bfae5d5f7bfdfc6, type: 2}
      propertyPath: m_LocalPosition.x
      value: 2.25
      objectReference: {fileID: 0}
    - target: {fileID: 433614, guid: a7c03942c4bf7a943bfae5d5f7bfdfc6, type: 2}
      propertyPath: m_LocalPosition.y
      value: 0
      objectReference: {fileID: 0}
    - target: {fileID: 433614, guid: a7c03942c4bf7a943bfae5d5f7bfdfc6, type: 2}
      propertyPath: m_LocalPosition.z
      value: 19.3999996
      objectReference: {fileID: 0}
    - target: {fileID: 433614, guid: a7c03942c4bf7a943bfae5d5f7bfdfc6, type: 2}
      propertyPath: m_LocalRotation.x
      value: 0
      objectReference: {fileID: 0}
    - target: {fileID: 433614, guid: a7c03942c4bf7a943bfae5d5f7bfdfc6, type: 2}
      propertyPath: m_LocalRotation.y
      value: .707106829
      objectReference: {fileID: 0}
    - target: {fileID: 433614, guid: a7c03942c4bf7a943bfae5d5f7bfdfc6, type: 2}
      propertyPath: m_LocalRotation.z
      value: 0
      objectReference: {fileID: 0}
    - target: {fileID: 433614, guid: a7c03942c4bf7a943bfae5d5f7bfdfc6, type: 2}
      propertyPath: m_LocalRotation.w
      value: .707106709
      objectReference: {fileID: 0}
    - target: {fileID: 433614, guid: a7c03942c4bf7a943bfae5d5f7bfdfc6, type: 2}
      propertyPath: m_RootOrder
      value: 0
      objectReference: {fileID: 0}
    m_RemovedComponents: []
  m_ParentPrefab: {fileID: 100100000, guid: a7c03942c4bf7a943bfae5d5f7bfdfc6, type: 2}
  m_IsPrefabParent: 0
--- !u!4 &529951351 stripped
Transform:
  m_PrefabParentObject: {fileID: 433614, guid: a7c03942c4bf7a943bfae5d5f7bfdfc6, type: 2}
  m_PrefabInternal: {fileID: 529951350}
--- !u!1001 &583503743
Prefab:
  m_ObjectHideFlags: 0
  serializedVersion: 2
  m_Modification:
    m_TransformParent: {fileID: 0}
    m_Modifications:
    - target: {fileID: 400014, guid: e64c5442b2cb74c6db7f7e38b5eb7409, type: 3}
      propertyPath: m_LocalPosition.x
      value: -4.57000017
      objectReference: {fileID: 0}
    - target: {fileID: 400014, guid: e64c5442b2cb74c6db7f7e38b5eb7409, type: 3}
      propertyPath: m_LocalPosition.y
      value: -1.38999999
      objectReference: {fileID: 0}
    - target: {fileID: 400014, guid: e64c5442b2cb74c6db7f7e38b5eb7409, type: 3}
      propertyPath: m_LocalPosition.z
      value: 3.44000006
      objectReference: {fileID: 0}
    - target: {fileID: 400014, guid: e64c5442b2cb74c6db7f7e38b5eb7409, type: 3}
      propertyPath: m_LocalRotation.x
      value: 0
      objectReference: {fileID: 0}
    - target: {fileID: 400014, guid: e64c5442b2cb74c6db7f7e38b5eb7409, type: 3}
      propertyPath: m_LocalRotation.y
      value: .687063932
      objectReference: {fileID: 0}
    - target: {fileID: 400014, guid: e64c5442b2cb74c6db7f7e38b5eb7409, type: 3}
      propertyPath: m_LocalRotation.z
      value: 0
      objectReference: {fileID: 0}
    - target: {fileID: 400014, guid: e64c5442b2cb74c6db7f7e38b5eb7409, type: 3}
      propertyPath: m_LocalRotation.w
      value: -.726597011
      objectReference: {fileID: 0}
    - target: {fileID: 400014, guid: e64c5442b2cb74c6db7f7e38b5eb7409, type: 3}
      propertyPath: m_RootOrder
      value: 2
      objectReference: {fileID: 0}
    - target: {fileID: 400014, guid: e64c5442b2cb74c6db7f7e38b5eb7409, type: 3}
      propertyPath: m_LocalScale.x
      value: 76.9079819
      objectReference: {fileID: 0}
    - target: {fileID: 400014, guid: e64c5442b2cb74c6db7f7e38b5eb7409, type: 3}
      propertyPath: m_LocalScale.y
      value: 62.6428909
      objectReference: {fileID: 0}
    - target: {fileID: 400014, guid: e64c5442b2cb74c6db7f7e38b5eb7409, type: 3}
      propertyPath: m_LocalScale.z
      value: 50.2886429
      objectReference: {fileID: 0}
    - target: {fileID: 2300002, guid: e64c5442b2cb74c6db7f7e38b5eb7409, type: 3}
      propertyPath: m_Materials.Array.data[0]
      value: 
      objectReference: {fileID: 2100000, guid: f5c255f89ebc5d448ba3868191ef85ff, type: 2}
    m_RemovedComponents: []
  m_ParentPrefab: {fileID: 100100000, guid: e64c5442b2cb74c6db7f7e38b5eb7409, type: 3}
  m_IsPrefabParent: 0
--- !u!1 &624849199
GameObject:
  m_ObjectHideFlags: 0
  m_PrefabParentObject: {fileID: 100000, guid: b270435a9044e9849980fbe7228ab9b7, type: 3}
  m_PrefabInternal: {fileID: 0}
  serializedVersion: 4
  m_Component:
  - 4: {fileID: 691480816}
  - 95: {fileID: 624849200}
  m_Layer: 0
  m_Name: left_hall
  m_TagString: Untagged
  m_Icon: {fileID: 0}
  m_NavMeshLayer: 0
  m_StaticEditorFlags: 0
  m_IsActive: 1
--- !u!95 &624849200
Animator:
  serializedVersion: 3
  m_ObjectHideFlags: 0
  m_PrefabParentObject: {fileID: 9500000, guid: b270435a9044e9849980fbe7228ab9b7,
    type: 3}
  m_PrefabInternal: {fileID: 0}
  m_GameObject: {fileID: 624849199}
  m_Enabled: 1
  m_Avatar: {fileID: 9000000, guid: b270435a9044e9849980fbe7228ab9b7, type: 3}
  m_Controller: {fileID: 0}
  m_CullingMode: 0
  m_UpdateMode: 0
  m_ApplyRootMotion: 0
  m_LinearVelocityBlending: 0
  m_WarningMessage: 
  m_HasTransformHierarchy: 1
  m_AllowConstantClipSamplingOptimization: 1
--- !u!1 &670511068
GameObject:
  m_ObjectHideFlags: 0
  m_PrefabParentObject: {fileID: 100002, guid: b270435a9044e9849980fbe7228ab9b7, type: 3}
  m_PrefabInternal: {fileID: 0}
  serializedVersion: 4
  m_Component:
  - 4: {fileID: 670511069}
  m_Layer: 0
  m_Name: polySurface1
  m_TagString: Untagged
  m_Icon: {fileID: 0}
  m_NavMeshLayer: 0
  m_StaticEditorFlags: 0
  m_IsActive: 1
--- !u!4 &670511069
Transform:
  m_ObjectHideFlags: 0
  m_PrefabParentObject: {fileID: 400002, guid: b270435a9044e9849980fbe7228ab9b7, type: 3}
  m_PrefabInternal: {fileID: 0}
  m_GameObject: {fileID: 670511068}
  m_LocalRotation: {x: 0, y: 0, z: 0, w: 1}
  m_LocalPosition: {x: 0, y: 0, z: 0}
  m_LocalScale: {x: 1, y: 1, z: 1}
  m_Children:
  - {fileID: 2033445621}
  - {fileID: 735347044}
  m_Father: {fileID: 691480816}
  m_RootOrder: 0
--- !u!4 &691480816
Transform:
  m_ObjectHideFlags: 0
  m_PrefabParentObject: {fileID: 400000, guid: b270435a9044e9849980fbe7228ab9b7, type: 3}
  m_PrefabInternal: {fileID: 0}
  m_GameObject: {fileID: 624849199}
  m_LocalRotation: {x: 0, y: 0, z: 0, w: 1}
  m_LocalPosition: {x: -0, y: 0, z: 5}
  m_LocalScale: {x: 133.598709, y: 12.888938, z: 87.6104279}
  m_Children:
  - {fileID: 670511069}
  - {fileID: 470837303}
  - {fileID: 470837302}
  - {fileID: 484724787}
  m_Father: {fileID: 1727645669}
  m_RootOrder: 2
--- !u!1 &735347043
GameObject:
  m_ObjectHideFlags: 0
  m_PrefabParentObject: {fileID: 100018, guid: b270435a9044e9849980fbe7228ab9b7, type: 3}
  m_PrefabInternal: {fileID: 0}
  serializedVersion: 4
  m_Component:
  - 4: {fileID: 735347044}
  m_Layer: 0
  m_Name: transform2
  m_TagString: Untagged
  m_Icon: {fileID: 0}
  m_NavMeshLayer: 0
  m_StaticEditorFlags: 0
  m_IsActive: 1
--- !u!4 &735347044
Transform:
  m_ObjectHideFlags: 0
  m_PrefabParentObject: {fileID: 400018, guid: b270435a9044e9849980fbe7228ab9b7, type: 3}
  m_PrefabInternal: {fileID: 0}
  m_GameObject: {fileID: 735347043}
  m_LocalRotation: {x: 0, y: 0, z: 0, w: 1}
  m_LocalPosition: {x: 0, y: 0, z: 0}
  m_LocalScale: {x: 1, y: 1, z: 1}
  m_Children: []
  m_Father: {fileID: 670511069}
  m_RootOrder: 1
--- !u!1 &963442298
GameObject:
  m_ObjectHideFlags: 0
  m_PrefabParentObject: {fileID: 0}
  m_PrefabInternal: {fileID: 0}
  serializedVersion: 4
  m_Component:
  - 4: {fileID: 963442299}
  - 65: {fileID: 963442300}
  m_Layer: 0
  m_Name: Gramophone collider
  m_TagString: Untagged
  m_Icon: {fileID: 0}
  m_NavMeshLayer: 0
  m_StaticEditorFlags: 0
  m_IsActive: 1
--- !u!4 &963442299
Transform:
  m_ObjectHideFlags: 0
  m_PrefabParentObject: {fileID: 0}
  m_PrefabInternal: {fileID: 0}
  m_GameObject: {fileID: 963442298}
  m_LocalRotation: {x: 0, y: .501448631, z: 0, w: .865187466}
  m_LocalPosition: {x: .0308067612, y: -.0328769125, z: -.00286541088}
  m_LocalScale: {x: .0214461312, y: .0214461274, z: .0214461386}
  m_Children: []
  m_Father: {fileID: 1890466514}
  m_RootOrder: 18
--- !u!65 &963442300
BoxCollider:
  m_ObjectHideFlags: 0
  m_PrefabParentObject: {fileID: 0}
  m_PrefabInternal: {fileID: 0}
  m_GameObject: {fileID: 963442298}
  m_Material: {fileID: 0}
  m_IsTrigger: 0
  m_Enabled: 1
  serializedVersion: 2
  m_Size: {x: 1.34415233, y: 3.97615814, z: 1.43424129}
  m_Center: {x: -.145535946, y: 1.48808026, z: -.217121363}
--- !u!1001 &990554480
Prefab:
  m_ObjectHideFlags: 0
  serializedVersion: 2
  m_Modification:
    m_TransformParent: {fileID: 0}
    m_Modifications:
    - target: {fileID: 400000, guid: dd455fa263705aa438b408d3b43d823a, type: 3}
      propertyPath: m_LocalPosition.x
      value: -5.30999994
      objectReference: {fileID: 0}
    - target: {fileID: 400000, guid: dd455fa263705aa438b408d3b43d823a, type: 3}
      propertyPath: m_LocalPosition.y
      value: 2.08299994
      objectReference: {fileID: 0}
    - target: {fileID: 400000, guid: dd455fa263705aa438b408d3b43d823a, type: 3}
      propertyPath: m_LocalPosition.z
      value: 2.48000002
      objectReference: {fileID: 0}
    - target: {fileID: 400000, guid: dd455fa263705aa438b408d3b43d823a, type: 3}
      propertyPath: m_LocalRotation.x
      value: 0
      objectReference: {fileID: 0}
    - target: {fileID: 400000, guid: dd455fa263705aa438b408d3b43d823a, type: 3}
      propertyPath: m_LocalRotation.y
      value: -.501448631
      objectReference: {fileID: 0}
    - target: {fileID: 400000, guid: dd455fa263705aa438b408d3b43d823a, type: 3}
      propertyPath: m_LocalRotation.z
      value: 0
      objectReference: {fileID: 0}
    - target: {fileID: 400000, guid: dd455fa263705aa438b408d3b43d823a, type: 3}
      propertyPath: m_LocalRotation.w
      value: .865187466
      objectReference: {fileID: 0}
    - target: {fileID: 400000, guid: dd455fa263705aa438b408d3b43d823a, type: 3}
      propertyPath: m_RootOrder
      value: 1
      objectReference: {fileID: 0}
    - target: {fileID: 400000, guid: dd455fa263705aa438b408d3b43d823a, type: 3}
      propertyPath: m_LocalScale.x
      value: 46.6284332
      objectReference: {fileID: 0}
    - target: {fileID: 400000, guid: dd455fa263705aa438b408d3b43d823a, type: 3}
      propertyPath: m_LocalScale.y
      value: 46.6284637
      objectReference: {fileID: 0}
    - target: {fileID: 400000, guid: dd455fa263705aa438b408d3b43d823a, type: 3}
      propertyPath: m_LocalScale.z
      value: 46.6284637
      objectReference: {fileID: 0}
    - target: {fileID: 2300008, guid: dd455fa263705aa438b408d3b43d823a, type: 3}
      propertyPath: m_Materials.Array.data[0]
      value: 
      objectReference: {fileID: 2100000, guid: 0237371be73bf467da0479b456dd2ea3, type: 2}
    - target: {fileID: 2300006, guid: dd455fa263705aa438b408d3b43d823a, type: 3}
      propertyPath: m_Materials.Array.data[0]
      value: 
      objectReference: {fileID: 2100000, guid: f5c255f89ebc5d448ba3868191ef85ff, type: 2}
    - target: {fileID: 2300000, guid: dd455fa263705aa438b408d3b43d823a, type: 3}
      propertyPath: m_Materials.Array.data[0]
      value: 
      objectReference: {fileID: 2100000, guid: f5c255f89ebc5d448ba3868191ef85ff, type: 2}
    - target: {fileID: 2300010, guid: dd455fa263705aa438b408d3b43d823a, type: 3}
      propertyPath: m_Materials.Array.data[0]
      value: 
      objectReference: {fileID: 2100000, guid: 4e33b78287c860f45b24990cdb8d767e, type: 2}
    - target: {fileID: 2300012, guid: dd455fa263705aa438b408d3b43d823a, type: 3}
      propertyPath: m_Materials.Array.data[0]
      value: 
      objectReference: {fileID: 2100000, guid: f5c255f89ebc5d448ba3868191ef85ff, type: 2}
    - target: {fileID: 2300002, guid: dd455fa263705aa438b408d3b43d823a, type: 3}
      propertyPath: m_Materials.Array.data[0]
      value: 
      objectReference: {fileID: 2100000, guid: f5c255f89ebc5d448ba3868191ef85ff, type: 2}
    m_RemovedComponents: []
  m_ParentPrefab: {fileID: 100100000, guid: dd455fa263705aa438b408d3b43d823a, type: 3}
  m_IsPrefabParent: 0
--- !u!1001 &1110742518
Prefab:
  m_ObjectHideFlags: 0
  serializedVersion: 2
  m_Modification:
    m_TransformParent: {fileID: 0}
    m_Modifications:
    - target: {fileID: 453886, guid: 3deb04aaeeeea094aa1284a17c61d25a, type: 2}
      propertyPath: m_LocalPosition.x
      value: 10.04
      objectReference: {fileID: 0}
    - target: {fileID: 453886, guid: 3deb04aaeeeea094aa1284a17c61d25a, type: 2}
      propertyPath: m_LocalPosition.y
      value: .00999999978
      objectReference: {fileID: 0}
    - target: {fileID: 453886, guid: 3deb04aaeeeea094aa1284a17c61d25a, type: 2}
      propertyPath: m_LocalPosition.z
      value: .879456043
      objectReference: {fileID: 0}
    - target: {fileID: 453886, guid: 3deb04aaeeeea094aa1284a17c61d25a, type: 2}
      propertyPath: m_LocalRotation.x
      value: 0
      objectReference: {fileID: 0}
    - target: {fileID: 453886, guid: 3deb04aaeeeea094aa1284a17c61d25a, type: 2}
      propertyPath: m_LocalRotation.y
      value: .707106829
      objectReference: {fileID: 0}
    - target: {fileID: 453886, guid: 3deb04aaeeeea094aa1284a17c61d25a, type: 2}
      propertyPath: m_LocalRotation.z
      value: 0
      objectReference: {fileID: 0}
    - target: {fileID: 453886, guid: 3deb04aaeeeea094aa1284a17c61d25a, type: 2}
      propertyPath: m_LocalRotation.w
      value: .707106709
      objectReference: {fileID: 0}
    - target: {fileID: 453886, guid: 3deb04aaeeeea094aa1284a17c61d25a, type: 2}
      propertyPath: m_RootOrder
      value: 0
      objectReference: {fileID: 0}
    - target: {fileID: 453886, guid: 3deb04aaeeeea094aa1284a17c61d25a, type: 2}
      propertyPath: m_LocalScale.x
      value: 1.72124076
      objectReference: {fileID: 0}
    - target: {fileID: 453886, guid: 3deb04aaeeeea094aa1284a17c61d25a, type: 2}
      propertyPath: m_LocalScale.y
      value: .860618591
      objectReference: {fileID: 0}
    - target: {fileID: 453886, guid: 3deb04aaeeeea094aa1284a17c61d25a, type: 2}
      propertyPath: m_LocalScale.z
      value: .860618591
      objectReference: {fileID: 0}
    m_RemovedComponents: []
  m_ParentPrefab: {fileID: 100100000, guid: 3deb04aaeeeea094aa1284a17c61d25a, type: 2}
  m_IsPrefabParent: 0
--- !u!1001 &1290323464
Prefab:
  m_ObjectHideFlags: 0
  serializedVersion: 2
  m_Modification:
    m_TransformParent: {fileID: 0}
    m_Modifications:
    - target: {fileID: 400000, guid: e1aeacd786272f84693075681d2dd065, type: 3}
      propertyPath: m_LocalPosition.x
      value: -3.16000009
      objectReference: {fileID: 0}
    - target: {fileID: 400000, guid: e1aeacd786272f84693075681d2dd065, type: 3}
      propertyPath: m_LocalPosition.y
      value: 5.61000013
      objectReference: {fileID: 0}
    - target: {fileID: 400000, guid: e1aeacd786272f84693075681d2dd065, type: 3}
      propertyPath: m_LocalPosition.z
      value: 4.15999985
      objectReference: {fileID: 0}
    - target: {fileID: 400000, guid: e1aeacd786272f84693075681d2dd065, type: 3}
      propertyPath: m_LocalRotation.x
      value: -.00377215352
      objectReference: {fileID: 0}
    - target: {fileID: 400000, guid: e1aeacd786272f84693075681d2dd065, type: 3}
      propertyPath: m_LocalRotation.y
      value: -.707397103
      objectReference: {fileID: 0}
    - target: {fileID: 400000, guid: e1aeacd786272f84693075681d2dd065, type: 3}
      propertyPath: m_LocalRotation.z
      value: .706798792
      objectReference: {fileID: 0}
    - target: {fileID: 400000, guid: e1aeacd786272f84693075681d2dd065, type: 3}
      propertyPath: m_LocalRotation.w
      value: .00326653756
      objectReference: {fileID: 0}
    - target: {fileID: 400000, guid: e1aeacd786272f84693075681d2dd065, type: 3}
      propertyPath: m_RootOrder
      value: 2
      objectReference: {fileID: 0}
    - target: {fileID: 400000, guid: e1aeacd786272f84693075681d2dd065, type: 3}
      propertyPath: m_LocalScale.x
      value: 1330.17468
      objectReference: {fileID: 0}
    - target: {fileID: 400000, guid: e1aeacd786272f84693075681d2dd065, type: 3}
      propertyPath: m_LocalScale.y
      value: 772.840088
      objectReference: {fileID: 0}
    - target: {fileID: 400000, guid: e1aeacd786272f84693075681d2dd065, type: 3}
      propertyPath: m_LocalScale.z
      value: 772.840088
      objectReference: {fileID: 0}
    m_RemovedComponents: []
  m_ParentPrefab: {fileID: 100100000, guid: e1aeacd786272f84693075681d2dd065, type: 3}
  m_IsPrefabParent: 0
--- !u!1001 &1332992490
Prefab:
  m_ObjectHideFlags: 0
  serializedVersion: 2
  m_Modification:
    m_TransformParent: {fileID: 0}
    m_Modifications:
    - target: {fileID: 453886, guid: 3deb04aaeeeea094aa1284a17c61d25a, type: 2}
      propertyPath: m_LocalPosition.x
      value: -19.1599998
      objectReference: {fileID: 0}
    - target: {fileID: 453886, guid: 3deb04aaeeeea094aa1284a17c61d25a, type: 2}
      propertyPath: m_LocalPosition.y
      value: .00999999978
      objectReference: {fileID: 0}
    - target: {fileID: 453886, guid: 3deb04aaeeeea094aa1284a17c61d25a, type: 2}
      propertyPath: m_LocalPosition.z
      value: 2.92000008
      objectReference: {fileID: 0}
    - target: {fileID: 453886, guid: 3deb04aaeeeea094aa1284a17c61d25a, type: 2}
      propertyPath: m_LocalRotation.x
      value: 0
      objectReference: {fileID: 0}
    - target: {fileID: 453886, guid: 3deb04aaeeeea094aa1284a17c61d25a, type: 2}
      propertyPath: m_LocalRotation.y
      value: 0
      objectReference: {fileID: 0}
    - target: {fileID: 453886, guid: 3deb04aaeeeea094aa1284a17c61d25a, type: 2}
      propertyPath: m_LocalRotation.z
      value: 0
      objectReference: {fileID: 0}
    - target: {fileID: 453886, guid: 3deb04aaeeeea094aa1284a17c61d25a, type: 2}
      propertyPath: m_LocalRotation.w
      value: 1
      objectReference: {fileID: 0}
    - target: {fileID: 453886, guid: 3deb04aaeeeea094aa1284a17c61d25a, type: 2}
      propertyPath: m_RootOrder
      value: 0
      objectReference: {fileID: 0}
    - target: {fileID: 453886, guid: 3deb04aaeeeea094aa1284a17c61d25a, type: 2}
      propertyPath: m_LocalScale.x
      value: 1.72124076
      objectReference: {fileID: 0}
    - target: {fileID: 453886, guid: 3deb04aaeeeea094aa1284a17c61d25a, type: 2}
      propertyPath: m_LocalScale.y
      value: .860618591
      objectReference: {fileID: 0}
    - target: {fileID: 453886, guid: 3deb04aaeeeea094aa1284a17c61d25a, type: 2}
      propertyPath: m_LocalScale.z
      value: .860618591
      objectReference: {fileID: 0}
    - target: {fileID: 182516, guid: 3deb04aaeeeea094aa1284a17c61d25a, type: 2}
      propertyPath: m_Name
      value: DoorMat01 (1)
      objectReference: {fileID: 0}
    m_RemovedComponents: []
  m_ParentPrefab: {fileID: 100100000, guid: 3deb04aaeeeea094aa1284a17c61d25a, type: 2}
  m_IsPrefabParent: 0
--- !u!1 &1391460931
GameObject:
  m_ObjectHideFlags: 0
  m_PrefabParentObject: {fileID: 0}
  m_PrefabInternal: {fileID: 0}
  serializedVersion: 4
  m_Component:
  - 4: {fileID: 1391460932}
  - 82: {fileID: 1391460933}
  m_Layer: 0
  m_Name: Gramophone song
  m_TagString: Untagged
  m_Icon: {fileID: 0}
  m_NavMeshLayer: 0
  m_StaticEditorFlags: 0
  m_IsActive: 1
--- !u!4 &1391460932
Transform:
  m_ObjectHideFlags: 0
  m_PrefabParentObject: {fileID: 0}
  m_PrefabInternal: {fileID: 0}
  m_GameObject: {fileID: 1391460931}
  m_LocalRotation: {x: 0, y: .501448631, z: 0, w: .865187466}
  m_LocalPosition: {x: .0242999997, y: .00710000005, z: -.00439999998}
  m_LocalScale: {x: .0214461312, y: .0214461274, z: .0214461386}
  m_Children: []
  m_Father: {fileID: 1890466514}
  m_RootOrder: 19
--- !u!82 &1391460933
AudioSource:
  m_ObjectHideFlags: 0
  m_PrefabParentObject: {fileID: 0}
  m_PrefabInternal: {fileID: 0}
  m_GameObject: {fileID: 1391460931}
  m_Enabled: 1
  serializedVersion: 4
  OutputAudioMixerGroup: {fileID: 0}
  m_audioClip: {fileID: 8300000, guid: 912da010c42f815438d255cb272c5c35, type: 3}
  m_PlayOnAwake: 1
  m_Volume: 1
  m_Pitch: 1
  Loop: 0
  Mute: 0
  Priority: 128
  DopplerLevel: 5
  MinDistance: 13.3000002
  MaxDistance: 17.2000008
  Pan2D: 0
  rolloffMode: 0
  BypassEffects: 0
  BypassListenerEffects: 0
  BypassReverbZones: 0
  rolloffCustomCurve:
    serializedVersion: 2
    m_Curve:
    - time: 0
      value: 1
      inSlope: 0
      outSlope: 0
      tangentMode: 0
    - time: 1
      value: 0
      inSlope: 0
      outSlope: 0
      tangentMode: 0
    m_PreInfinity: 2
    m_PostInfinity: 2
  panLevelCustomCurve:
    serializedVersion: 2
    m_Curve:
    - time: 0
      value: 1
      inSlope: 0
      outSlope: 0
      tangentMode: 0
    m_PreInfinity: 2
    m_PostInfinity: 2
  spreadCustomCurve:
    serializedVersion: 2
    m_Curve:
    - time: 0
      value: 0
      inSlope: 0
      outSlope: 0
      tangentMode: 0
    m_PreInfinity: 2
    m_PostInfinity: 2
  reverbZoneMixCustomCurve:
    serializedVersion: 2
    m_Curve:
    - time: 0
      value: 1
      inSlope: 0
      outSlope: 0
      tangentMode: 0
    m_PreInfinity: 2
    m_PostInfinity: 2
--- !u!1 &1416822641
GameObject:
  m_ObjectHideFlags: 0
  m_PrefabParentObject: {fileID: 0}
  m_PrefabInternal: {fileID: 0}
  serializedVersion: 4
  m_Component:
  - 4: {fileID: 1416822642}
  m_Layer: 0
  m_Name: GameObject
  m_TagString: Untagged
  m_Icon: {fileID: 0}
  m_NavMeshLayer: 0
  m_StaticEditorFlags: 0
  m_IsActive: 1
--- !u!4 &1416822642
Transform:
  m_ObjectHideFlags: 0
  m_PrefabParentObject: {fileID: 0}
  m_PrefabInternal: {fileID: 0}
  m_GameObject: {fileID: 1416822641}
  m_LocalRotation: {x: 0, y: 0, z: 0, w: 1}
  m_LocalPosition: {x: -8.02999973, y: .0900000036, z: 1.75999999}
  m_LocalScale: {x: 1, y: 1, z: 1}
  m_Children: []
  m_Father: {fileID: 0}
  m_RootOrder: 10
--- !u!1001 &1459017597
Prefab:
  m_ObjectHideFlags: 0
  serializedVersion: 2
  m_Modification:
    m_TransformParent: {fileID: 0}
    m_Modifications:
    - target: {fileID: 400000, guid: 74e9ae773eea9f249aca9fb2f1dadbed, type: 3}
      propertyPath: m_LocalPosition.x
      value: -6.23000002
      objectReference: {fileID: 0}
    - target: {fileID: 400000, guid: 74e9ae773eea9f249aca9fb2f1dadbed, type: 3}
      propertyPath: m_LocalPosition.y
      value: 0
      objectReference: {fileID: 0}
    - target: {fileID: 400000, guid: 74e9ae773eea9f249aca9fb2f1dadbed, type: 3}
      propertyPath: m_LocalPosition.z
      value: .709999979
      objectReference: {fileID: 0}
    - target: {fileID: 400000, guid: 74e9ae773eea9f249aca9fb2f1dadbed, type: 3}
      propertyPath: m_LocalRotation.x
      value: 0
      objectReference: {fileID: 0}
    - target: {fileID: 400000, guid: 74e9ae773eea9f249aca9fb2f1dadbed, type: 3}
      propertyPath: m_LocalRotation.y
      value: -.707106829
      objectReference: {fileID: 0}
    - target: {fileID: 400000, guid: 74e9ae773eea9f249aca9fb2f1dadbed, type: 3}
      propertyPath: m_LocalRotation.z
      value: 0
      objectReference: {fileID: 0}
    - target: {fileID: 400000, guid: 74e9ae773eea9f249aca9fb2f1dadbed, type: 3}
      propertyPath: m_LocalRotation.w
      value: .707106709
      objectReference: {fileID: 0}
    - target: {fileID: 400000, guid: 74e9ae773eea9f249aca9fb2f1dadbed, type: 3}
      propertyPath: m_RootOrder
      value: 4
      objectReference: {fileID: 0}
    - target: {fileID: 400000, guid: 74e9ae773eea9f249aca9fb2f1dadbed, type: 3}
      propertyPath: m_LocalScale.x
      value: 103.628441
      objectReference: {fileID: 0}
    - target: {fileID: 400000, guid: 74e9ae773eea9f249aca9fb2f1dadbed, type: 3}
      propertyPath: m_LocalScale.y
      value: 9.43747139
      objectReference: {fileID: 0}
    - target: {fileID: 400000, guid: 74e9ae773eea9f249aca9fb2f1dadbed, type: 3}
      propertyPath: m_LocalScale.z
      value: 94.3747101
      objectReference: {fileID: 0}
    - target: {fileID: 100012, guid: 74e9ae773eea9f249aca9fb2f1dadbed, type: 3}
      propertyPath: m_TagString
      value: Floor
      objectReference: {fileID: 0}
    - target: {fileID: 100014, guid: 74e9ae773eea9f249aca9fb2f1dadbed, type: 3}
      propertyPath: m_TagString
      value: Floor
      objectReference: {fileID: 0}
    m_RemovedComponents: []
  m_ParentPrefab: {fileID: 100100000, guid: 74e9ae773eea9f249aca9fb2f1dadbed, type: 3}
  m_IsPrefabParent: 0
--- !u!1 &1459017598 stripped
GameObject:
  m_PrefabParentObject: {fileID: 100010, guid: 74e9ae773eea9f249aca9fb2f1dadbed, type: 3}
  m_PrefabInternal: {fileID: 1459017597}
--- !u!64 &1459017599
MeshCollider:
  m_ObjectHideFlags: 0
  m_PrefabParentObject: {fileID: 0}
  m_PrefabInternal: {fileID: 0}
  m_GameObject: {fileID: 1459017598}
  m_Material: {fileID: 0}
  m_IsTrigger: 0
  m_Enabled: 1
  serializedVersion: 2
  m_Convex: 0
  m_Mesh: {fileID: 4300004, guid: 74e9ae773eea9f249aca9fb2f1dadbed, type: 3}
--- !u!1 &1642059972 stripped
GameObject:
  m_PrefabParentObject: {fileID: 100014, guid: 74e9ae773eea9f249aca9fb2f1dadbed, type: 3}
  m_PrefabInternal: {fileID: 1459017597}
--- !u!64 &1642059976
MeshCollider:
  m_ObjectHideFlags: 0
  m_PrefabParentObject: {fileID: 0}
  m_PrefabInternal: {fileID: 0}
  m_GameObject: {fileID: 1642059972}
  m_Material: {fileID: 0}
  m_IsTrigger: 0
  m_Enabled: 1
  serializedVersion: 2
  m_Convex: 0
  m_Mesh: {fileID: 4300002, guid: 74e9ae773eea9f249aca9fb2f1dadbed, type: 3}
--- !u!1 &1727645668
GameObject:
  m_ObjectHideFlags: 0
  m_PrefabParentObject: {fileID: 0}
  m_PrefabInternal: {fileID: 0}
  serializedVersion: 4
  m_Component:
  - 4: {fileID: 1727645669}
  m_Layer: 0
  m_Name: Level
  m_TagString: Untagged
  m_Icon: {fileID: 0}
  m_NavMeshLayer: 0
  m_StaticEditorFlags: 0
  m_IsActive: 1
--- !u!4 &1727645669
Transform:
  m_ObjectHideFlags: 0
  m_PrefabParentObject: {fileID: 0}
  m_PrefabInternal: {fileID: 0}
  m_GameObject: {fileID: 1727645668}
  m_LocalRotation: {x: 0, y: .70710659, z: 0, w: -.707106948}
  m_LocalPosition: {x: 0, y: 0, z: 0}
  m_LocalScale: {x: 1, y: 1, z: 1}
  m_Children:
  - {fileID: 529951351}
  - {fileID: 1738149215}
  - {fileID: 691480816}
  - {fileID: 2020628541}
  - {fileID: 368538158}
  m_Father: {fileID: 0}
  m_RootOrder: 9
--- !u!1001 &1738149212
Prefab:
  m_ObjectHideFlags: 0
  serializedVersion: 2
  m_Modification:
    m_TransformParent: {fileID: 1727645669}
    m_Modifications:
    - target: {fileID: 419098, guid: 80114ddfa5a4d3245a9e68d412e42d00, type: 2}
      propertyPath: m_LocalPosition.x
      value: 0
      objectReference: {fileID: 0}
    - target: {fileID: 419098, guid: 80114ddfa5a4d3245a9e68d412e42d00, type: 2}
      propertyPath: m_LocalPosition.y
      value: 0
      objectReference: {fileID: 0}
    - target: {fileID: 419098, guid: 80114ddfa5a4d3245a9e68d412e42d00, type: 2}
      propertyPath: m_LocalPosition.z
      value: 0
      objectReference: {fileID: 0}
    - target: {fileID: 419098, guid: 80114ddfa5a4d3245a9e68d412e42d00, type: 2}
      propertyPath: m_LocalRotation.x
      value: 0
      objectReference: {fileID: 0}
    - target: {fileID: 419098, guid: 80114ddfa5a4d3245a9e68d412e42d00, type: 2}
      propertyPath: m_LocalRotation.y
      value: 0
      objectReference: {fileID: 0}
    - target: {fileID: 419098, guid: 80114ddfa5a4d3245a9e68d412e42d00, type: 2}
      propertyPath: m_LocalRotation.z
      value: 0
      objectReference: {fileID: 0}
    - target: {fileID: 419098, guid: 80114ddfa5a4d3245a9e68d412e42d00, type: 2}
      propertyPath: m_LocalRotation.w
      value: 1
      objectReference: {fileID: 0}
    - target: {fileID: 419098, guid: 80114ddfa5a4d3245a9e68d412e42d00, type: 2}
      propertyPath: m_RootOrder
      value: 1
      objectReference: {fileID: 0}
    m_RemovedComponents: []
  m_ParentPrefab: {fileID: 100100000, guid: 80114ddfa5a4d3245a9e68d412e42d00, type: 2}
  m_IsPrefabParent: 0
--- !u!1 &1738149213 stripped
GameObject:
  m_PrefabParentObject: {fileID: 174894, guid: 80114ddfa5a4d3245a9e68d412e42d00, type: 2}
  m_PrefabInternal: {fileID: 1738149212}
--- !u!114 &1738149214
MonoBehaviour:
  m_ObjectHideFlags: 0
  m_PrefabParentObject: {fileID: 0}
  m_PrefabInternal: {fileID: 0}
  m_GameObject: {fileID: 1738149213}
  m_Enabled: 1
  m_EditorHideFlags: 0
  m_Script: {fileID: 11500000, guid: c8f4e18312a5183499ffde3d4756964c, type: 3}
  m_Name: 
  m_EditorClassIdentifier: 
  title: Foyer
  gameMaster: {fileID: 0}
--- !u!4 &1738149215 stripped
Transform:
  m_PrefabParentObject: {fileID: 419098, guid: 80114ddfa5a4d3245a9e68d412e42d00, type: 2}
  m_PrefabInternal: {fileID: 1738149212}
--- !u!1001 &1884072108
Prefab:
  m_ObjectHideFlags: 0
  serializedVersion: 2
  m_Modification:
    m_TransformParent: {fileID: 0}
    m_Modifications:
    - target: {fileID: 477456, guid: 83ad52de65c9df5408b1b5fdb8cc8255, type: 2}
      propertyPath: m_LocalPosition.x
      value: 0
      objectReference: {fileID: 0}
    - target: {fileID: 477456, guid: 83ad52de65c9df5408b1b5fdb8cc8255, type: 2}
      propertyPath: m_LocalPosition.y
      value: 13
      objectReference: {fileID: 0}
    - target: {fileID: 477456, guid: 83ad52de65c9df5408b1b5fdb8cc8255, type: 2}
      propertyPath: m_LocalPosition.z
      value: -3
      objectReference: {fileID: 0}
    - target: {fileID: 477456, guid: 83ad52de65c9df5408b1b5fdb8cc8255, type: 2}
      propertyPath: m_LocalRotation.x
      value: .608761489
      objectReference: {fileID: 0}
    - target: {fileID: 477456, guid: 83ad52de65c9df5408b1b5fdb8cc8255, type: 2}
      propertyPath: m_LocalRotation.y
      value: 0
      objectReference: {fileID: 0}
    - target: {fileID: 477456, guid: 83ad52de65c9df5408b1b5fdb8cc8255, type: 2}
      propertyPath: m_LocalRotation.z
      value: 0
      objectReference: {fileID: 0}
    - target: {fileID: 477456, guid: 83ad52de65c9df5408b1b5fdb8cc8255, type: 2}
      propertyPath: m_LocalRotation.w
      value: .793353319
      objectReference: {fileID: 0}
    - target: {fileID: 477456, guid: 83ad52de65c9df5408b1b5fdb8cc8255, type: 2}
      propertyPath: m_RootOrder
      value: 0
      objectReference: {fileID: 0}
    - target: {fileID: 11446866, guid: 83ad52de65c9df5408b1b5fdb8cc8255, type: 2}
      propertyPath: playerPos
      value: 
      objectReference: {fileID: 529951351}
    - target: {fileID: 477456, guid: 83ad52de65c9df5408b1b5fdb8cc8255, type: 2}
      propertyPath: m_LocalScale.y
      value: 1
      objectReference: {fileID: 0}
    - target: {fileID: 477456, guid: 83ad52de65c9df5408b1b5fdb8cc8255, type: 2}
      propertyPath: m_LocalScale.z
      value: 1
      objectReference: {fileID: 0}
    - target: {fileID: 11446866, guid: 83ad52de65c9df5408b1b5fdb8cc8255, type: 2}
      propertyPath: xRotation
      value: 40
      objectReference: {fileID: 0}
    - target: {fileID: 11446866, guid: 83ad52de65c9df5408b1b5fdb8cc8255, type: 2}
      propertyPath: xTarget
      value: -7
      objectReference: {fileID: 0}
    - target: {fileID: 2080112, guid: 83ad52de65c9df5408b1b5fdb8cc8255, type: 2}
      propertyPath: m_ClearFlags
      value: 2
      objectReference: {fileID: 0}
    - target: {fileID: 2080112, guid: 83ad52de65c9df5408b1b5fdb8cc8255, type: 2}
      propertyPath: m_BackGroundColor.r
      value: 0
      objectReference: {fileID: 0}
    - target: {fileID: 2080112, guid: 83ad52de65c9df5408b1b5fdb8cc8255, type: 2}
      propertyPath: m_BackGroundColor.g
      value: 0
      objectReference: {fileID: 0}
    - target: {fileID: 2080112, guid: 83ad52de65c9df5408b1b5fdb8cc8255, type: 2}
      propertyPath: m_BackGroundColor.b
      value: 0
      objectReference: {fileID: 0}
    m_RemovedComponents: []
  m_ParentPrefab: {fileID: 100100000, guid: 83ad52de65c9df5408b1b5fdb8cc8255, type: 2}
  m_IsPrefabParent: 0
--- !u!4 &1890466514 stripped
Transform:
  m_PrefabParentObject: {fileID: 400000, guid: dd455fa263705aa438b408d3b43d823a, type: 3}
  m_PrefabInternal: {fileID: 990554480}
--- !u!1 &2020628539
GameObject:
  m_ObjectHideFlags: 0
  m_PrefabParentObject: {fileID: 0}
  m_PrefabInternal: {fileID: 0}
  serializedVersion: 4
  m_Component:
  - 4: {fileID: 2020628541}
  - 108: {fileID: 2020628540}
  m_Layer: 0
  m_Name: Directional Light
  m_TagString: Untagged
  m_Icon: {fileID: 0}
  m_NavMeshLayer: 0
  m_StaticEditorFlags: 0
  m_IsActive: 1
--- !u!108 &2020628540
Light:
  m_ObjectHideFlags: 0
  m_PrefabParentObject: {fileID: 0}
  m_PrefabInternal: {fileID: 0}
  m_GameObject: {fileID: 2020628539}
  m_Enabled: 1
  serializedVersion: 6
  m_Type: 1
  m_Color: {r: 1, g: .566176474, b: .647460461, a: 1}
  m_Intensity: 1.03999996
  m_Range: 10
  m_SpotAngle: 30
  m_CookieSize: 10
  m_Shadows:
    m_Type: 2
    m_Resolution: -1
    m_Strength: 1
    m_Bias: .0500000007
    m_NormalBias: .400000006
  m_Cookie: {fileID: 0}
  m_DrawHalo: 0
  m_Flare: {fileID: 0}
  m_RenderMode: 0
  m_CullingMask:
    serializedVersion: 2
    m_Bits: 4294967295
  m_Lightmapping: 4
  m_BounceIntensity: 2.16000009
  m_ShadowRadius: 0
  m_ShadowAngle: 0
  m_AreaSize: {x: 1, y: 1}
--- !u!4 &2020628541
Transform:
  m_ObjectHideFlags: 0
  m_PrefabParentObject: {fileID: 0}
  m_PrefabInternal: {fileID: 0}
  m_GameObject: {fileID: 2020628539}
  m_LocalRotation: {x: -.595576942, y: .508397222, z: -.503964365, w: -.364472598}
  m_LocalPosition: {x: 1.95541361e-11, y: 14.96, z: 9.82934189}
  m_LocalScale: {x: 1, y: 1, z: 1}
  m_Children: []
  m_Father: {fileID: 1727645669}
  m_RootOrder: 3
--- !u!1 &2033445620
GameObject:
  m_ObjectHideFlags: 0
  m_PrefabParentObject: {fileID: 100008, guid: b270435a9044e9849980fbe7228ab9b7, type: 3}
  m_PrefabInternal: {fileID: 0}
  serializedVersion: 4
  m_Component:
  - 4: {fileID: 2033445621}
  m_Layer: 0
  m_Name: polySurface4
  m_TagString: Untagged
  m_Icon: {fileID: 0}
  m_NavMeshLayer: 0
  m_StaticEditorFlags: 0
  m_IsActive: 1
--- !u!4 &2033445621
Transform:
  m_ObjectHideFlags: 0
  m_PrefabParentObject: {fileID: 400008, guid: b270435a9044e9849980fbe7228ab9b7, type: 3}
  m_PrefabInternal: {fileID: 0}
  m_GameObject: {fileID: 2033445620}
  m_LocalRotation: {x: 0, y: 0, z: 0, w: 1}
  m_LocalPosition: {x: 0, y: 0, z: 0}
  m_LocalScale: {x: 1, y: 1, z: 1}
  m_Children:
  - {fileID: 429492923}
  m_Father: {fileID: 670511069}
  m_RootOrder: 0
