%YAML 1.1
%TAG !u! tag:unity3d.com,2011:
--- !u!29 &1
SceneSettings:
  m_ObjectHideFlags: 0
  m_PVSData: 
  m_PVSObjectsArray: []
  m_PVSPortalsArray: []
  m_OcclusionBakeSettings:
    smallestOccluder: 5
    smallestHole: .25
    backfaceThreshold: 100
--- !u!104 &2
RenderSettings:
  m_ObjectHideFlags: 0
  serializedVersion: 6
  m_Fog: 0
  m_FogColor: {r: .5, g: .5, b: .5, a: 1}
  m_FogMode: 3
  m_FogDensity: .00999999978
  m_LinearFogStart: 0
  m_LinearFogEnd: 300
  m_AmbientSkyColor: {r: .211999997, g: .226999998, b: .259000003, a: 1}
  m_AmbientEquatorColor: {r: .114, g: .125, b: .133000001, a: 1}
  m_AmbientGroundColor: {r: .0469999984, g: .0430000015, b: .0350000001, a: 1}
  m_AmbientIntensity: 0
  m_AmbientMode: 0
  m_SkyboxMaterial: {fileID: 10304, guid: 0000000000000000f000000000000000, type: 0}
  m_HaloStrength: .5
  m_FlareStrength: 1
  m_FlareFadeSpeed: 3
  m_HaloTexture: {fileID: 0}
  m_SpotCookie: {fileID: 10001, guid: 0000000000000000e000000000000000, type: 0}
  m_DefaultReflectionMode: 0
  m_DefaultReflectionResolution: 128
  m_ReflectionBounces: 1
  m_ReflectionIntensity: 0
  m_CustomReflection: {fileID: 0}
  m_Sun: {fileID: 0}
--- !u!127 &3
LevelGameManager:
  m_ObjectHideFlags: 0
--- !u!157 &4
LightmapSettings:
  m_ObjectHideFlags: 0
  serializedVersion: 5
  m_GIWorkflowMode: 0
  m_LightmapsMode: 1
  m_GISettings:
    serializedVersion: 2
    m_BounceScale: 1
    m_IndirectOutputScale: 1
    m_AlbedoBoost: 1
    m_TemporalCoherenceThreshold: 1
    m_EnvironmentLightingMode: 0
    m_EnableBakedLightmaps: 1
    m_EnableRealtimeLightmaps: 1
  m_LightmapEditorSettings:
    serializedVersion: 3
    m_Resolution: 2
    m_BakeResolution: 40
    m_TextureWidth: 1024
    m_TextureHeight: 1024
    m_AOMaxDistance: 1
    m_Padding: 2
    m_CompAOExponent: 0
    m_LightmapParameters: {fileID: 0}
    m_TextureCompression: 1
    m_FinalGather: 0
    m_FinalGatherRayCount: 1024
  m_LightmapSnapshot: {fileID: 0}
  m_RuntimeCPUUsage: 25
--- !u!196 &5
NavMeshSettings:
  serializedVersion: 2
  m_ObjectHideFlags: 0
  m_BuildSettings:
    serializedVersion: 2
    agentRadius: .5
    agentHeight: 2
    agentSlope: 45
    agentClimb: .400000006
    ledgeDropHeight: 0
    maxJumpAcrossDistance: 0
    accuratePlacement: 0
    minRegionArea: 2
    cellSize: .166666672
    manualCellSize: 0
  m_NavMeshData: {fileID: 0}
--- !u!1 &96955919
GameObject:
  m_ObjectHideFlags: 0
  m_PrefabParentObject: {fileID: 0}
  m_PrefabInternal: {fileID: 0}
  serializedVersion: 4
  m_Component:
  - 4: {fileID: 96955921}
  - 82: {fileID: 96955920}
  m_Layer: 0
  m_Name: Audio Source
  m_TagString: Untagged
  m_Icon: {fileID: 0}
  m_NavMeshLayer: 0
  m_StaticEditorFlags: 0
  m_IsActive: 1
--- !u!82 &96955920
AudioSource:
  m_ObjectHideFlags: 0
  m_PrefabParentObject: {fileID: 0}
  m_PrefabInternal: {fileID: 0}
  m_GameObject: {fileID: 96955919}
  m_Enabled: 1
  serializedVersion: 4
  OutputAudioMixerGroup: {fileID: 0}
  m_audioClip: {fileID: 8300000, guid: e278c89ad6ce81f4496b58a7fca0632a, type: 3}
  m_PlayOnAwake: 1
  m_Volume: 1
  m_Pitch: 1
  Loop: 0
  Mute: 0
  Priority: 128
  DopplerLevel: 1
  MinDistance: 13.4264755
  MaxDistance: 500
  Pan2D: 0
  rolloffMode: 0
  BypassEffects: 0
  BypassListenerEffects: 0
  BypassReverbZones: 0
  rolloffCustomCurve:
    serializedVersion: 2
    m_Curve:
    - time: 0
      value: 1
      inSlope: 0
      outSlope: 0
      tangentMode: 0
    - time: 1
      value: 0
      inSlope: 0
      outSlope: 0
      tangentMode: 0
    m_PreInfinity: 2
    m_PostInfinity: 2
  panLevelCustomCurve:
    serializedVersion: 2
    m_Curve:
    - time: 0
      value: 0
      inSlope: 0
      outSlope: 0
      tangentMode: 0
    m_PreInfinity: 2
    m_PostInfinity: 2
  spreadCustomCurve:
    serializedVersion: 2
    m_Curve:
    - time: 0
      value: 0
      inSlope: 0
      outSlope: 0
      tangentMode: 0
    m_PreInfinity: 2
    m_PostInfinity: 2
  reverbZoneMixCustomCurve:
    serializedVersion: 2
    m_Curve:
    - time: 0
      value: 1
      inSlope: 0
      outSlope: 0
      tangentMode: 0
    m_PreInfinity: 2
    m_PostInfinity: 2
--- !u!4 &96955921
Transform:
  m_ObjectHideFlags: 0
  m_PrefabParentObject: {fileID: 0}
  m_PrefabInternal: {fileID: 0}
  m_GameObject: {fileID: 96955919}
  m_LocalRotation: {x: 0, y: 0, z: 0, w: 1}
  m_LocalPosition: {x: -1.65999997, y: 5.73261595, z: -5.67999983}
  m_LocalScale: {x: 1, y: 1, z: 1}
  m_Children: []
  m_Father: {fileID: 0}
  m_RootOrder: 7
--- !u!1 &275172958
GameObject:
  m_ObjectHideFlags: 0
  m_PrefabParentObject: {fileID: 0}
  m_PrefabInternal: {fileID: 0}
  serializedVersion: 4
  m_Component:
  - 4: {fileID: 275172960}
  - 108: {fileID: 275172959}
  m_Layer: 0
  m_Name: Point light
  m_TagString: Untagged
  m_Icon: {fileID: 0}
  m_NavMeshLayer: 0
  m_StaticEditorFlags: 0
  m_IsActive: 1
--- !u!108 &275172959
Light:
  m_ObjectHideFlags: 0
  m_PrefabParentObject: {fileID: 0}
  m_PrefabInternal: {fileID: 0}
  m_GameObject: {fileID: 275172958}
  m_Enabled: 1
  serializedVersion: 6
  m_Type: 2
  m_Color: {r: 1, g: 1, b: 1, a: 1}
  m_Intensity: 1
  m_Range: 10
  m_SpotAngle: 30
  m_CookieSize: 10
  m_Shadows:
    m_Type: 1
    m_Resolution: -1
    m_Strength: 1
    m_Bias: .0500000007
    m_NormalBias: .400000006
  m_Cookie: {fileID: 0}
  m_DrawHalo: 0
  m_Flare: {fileID: 0}
  m_RenderMode: 0
  m_CullingMask:
    serializedVersion: 2
    m_Bits: 4294967295
  m_Lightmapping: 4
  m_BounceIntensity: 1
  m_ShadowRadius: 0
  m_ShadowAngle: 0
  m_AreaSize: {x: 1, y: 1}
--- !u!4 &275172960
Transform:
  m_ObjectHideFlags: 0
  m_PrefabParentObject: {fileID: 0}
  m_PrefabInternal: {fileID: 0}
  m_GameObject: {fileID: 275172958}
  m_LocalRotation: {x: 1.15202326e-07, y: -.707106709, z: .707106829, w: -1.15202312e-07}
  m_LocalPosition: {x: .217778951, y: 3.04892159, z: .381115645}
  m_LocalScale: {x: 5.44450378, y: 5.44450474, z: 5.44450474}
  m_Children: []
  m_Father: {fileID: 448341441}
  m_RootOrder: 0
--- !u!1001 &391342290
Prefab:
  m_ObjectHideFlags: 0
  serializedVersion: 2
  m_Modification:
    m_TransformParent: {fileID: 0}
    m_Modifications:
    - target: {fileID: 419098, guid: 80114ddfa5a4d3245a9e68d412e42d00, type: 2}
      propertyPath: m_LocalPosition.x
      value: 0
      objectReference: {fileID: 0}
    - target: {fileID: 419098, guid: 80114ddfa5a4d3245a9e68d412e42d00, type: 2}
      propertyPath: m_LocalPosition.y
      value: 0
      objectReference: {fileID: 0}
    - target: {fileID: 419098, guid: 80114ddfa5a4d3245a9e68d412e42d00, type: 2}
      propertyPath: m_LocalPosition.z
      value: 0
      objectReference: {fileID: 0}
    - target: {fileID: 419098, guid: 80114ddfa5a4d3245a9e68d412e42d00, type: 2}
      propertyPath: m_LocalRotation.x
      value: 0
      objectReference: {fileID: 0}
    - target: {fileID: 419098, guid: 80114ddfa5a4d3245a9e68d412e42d00, type: 2}
      propertyPath: m_LocalRotation.y
      value: 0
      objectReference: {fileID: 0}
    - target: {fileID: 419098, guid: 80114ddfa5a4d3245a9e68d412e42d00, type: 2}
      propertyPath: m_LocalRotation.z
      value: 0
      objectReference: {fileID: 0}
    - target: {fileID: 419098, guid: 80114ddfa5a4d3245a9e68d412e42d00, type: 2}
      propertyPath: m_LocalRotation.w
      value: 1
      objectReference: {fileID: 0}
    - target: {fileID: 419098, guid: 80114ddfa5a4d3245a9e68d412e42d00, type: 2}
      propertyPath: m_RootOrder
      value: 0
      objectReference: {fileID: 0}
    m_RemovedComponents: []
  m_ParentPrefab: {fileID: 100100000, guid: 80114ddfa5a4d3245a9e68d412e42d00, type: 2}
  m_IsPrefabParent: 0
--- !u!1 &391342291 stripped
GameObject:
  m_PrefabParentObject: {fileID: 174894, guid: 80114ddfa5a4d3245a9e68d412e42d00, type: 2}
  m_PrefabInternal: {fileID: 391342290}
--- !u!114 &391342292
MonoBehaviour:
  m_ObjectHideFlags: 0
  m_PrefabParentObject: {fileID: 0}
  m_PrefabInternal: {fileID: 0}
  m_GameObject: {fileID: 391342291}
  m_Enabled: 1
  m_EditorHideFlags: 0
  m_Script: {fileID: 11500000, guid: c8f4e18312a5183499ffde3d4756964c, type: 3}
  m_Name: 
  m_EditorClassIdentifier: 
  title: Sacred Chamber
  gameMaster: {fileID: 0}
--- !u!1 &448341437
GameObject:
  m_ObjectHideFlags: 0
  m_PrefabParentObject: {fileID: 0}
  m_PrefabInternal: {fileID: 0}
  serializedVersion: 4
  m_Component:
  - 4: {fileID: 448341441}
  - 33: {fileID: 448341440}
  - 23: {fileID: 448341438}
  - 114: {fileID: 448341439}
  m_Layer: 0
  m_Name: Great Almighty Potato
  m_TagString: Untagged
  m_Icon: {fileID: 0}
  m_NavMeshLayer: 0
  m_StaticEditorFlags: 0
  m_IsActive: 1
--- !u!23 &448341438
MeshRenderer:
  m_ObjectHideFlags: 0
  m_PrefabParentObject: {fileID: 0}
  m_PrefabInternal: {fileID: 0}
  m_GameObject: {fileID: 448341437}
  m_Enabled: 1
  m_CastShadows: 0
  m_ReceiveShadows: 1
  m_Materials:
  - {fileID: 2100000, guid: 62475af3f8a63564c9afa41e3c18edd2, type: 2}
  m_SubsetIndices: 
  m_StaticBatchRoot: {fileID: 0}
  m_UseLightProbes: 1
  m_ReflectionProbeUsage: 1
  m_ProbeAnchor: {fileID: 0}
  m_ScaleInLightmap: 1
  m_PreserveUVs: 1
  m_ImportantGI: 0
  m_AutoUVMaxDistance: .5
  m_AutoUVMaxAngle: 89
  m_LightmapParameters: {fileID: 0}
  m_SortingLayerID: 0
  m_SortingOrder: 0
--- !u!114 &448341439
MonoBehaviour:
  m_ObjectHideFlags: 0
  m_PrefabParentObject: {fileID: 0}
  m_PrefabInternal: {fileID: 0}
  m_GameObject: {fileID: 448341437}
  m_Enabled: 1
  m_EditorHideFlags: 0
  m_Script: {fileID: 11500000, guid: 44d23ae84b9891b41b9e9fb5b447d7c7, type: 3}
  m_Name: 
  m_EditorClassIdentifier: 
  levMultiplyer: 1
--- !u!33 &448341440
MeshFilter:
  m_ObjectHideFlags: 0
  m_PrefabParentObject: {fileID: 0}
  m_PrefabInternal: {fileID: 0}
  m_GameObject: {fileID: 448341437}
  m_Mesh: {fileID: 10209, guid: 0000000000000000e000000000000000, type: 0}
--- !u!4 &448341441
Transform:
  m_ObjectHideFlags: 0
  m_PrefabParentObject: {fileID: 0}
  m_PrefabInternal: {fileID: 0}
  m_GameObject: {fileID: 448341437}
  m_LocalRotation: {x: -1.15202326e-07, y: .707106709, z: -.707106829, w: -1.15202312e-07}
  m_LocalPosition: {x: -1.70000005, y: 6.44999981, z: -5.71000004}
  m_LocalScale: {x: .183671474, y: .18367146, z: .18367146}
  m_Children:
  - {fileID: 275172960}
  m_Father: {fileID: 0}
  m_RootOrder: 6
--- !u!4 &1121480221 stripped
Transform:
  m_PrefabParentObject: {fileID: 472762, guid: 88d222b1f3f265d409e0a1e2d266ddcb, type: 2}
  m_PrefabInternal: {fileID: 1222955684}
--- !u!1001 &1133484217
Prefab:
  m_ObjectHideFlags: 0
  serializedVersion: 2
  m_Modification:
    m_TransformParent: {fileID: 0}
    m_Modifications:
    - target: {fileID: 453886, guid: 3deb04aaeeeea094aa1284a17c61d25a, type: 2}
      propertyPath: m_LocalPosition.x
      value: -1.76999998
      objectReference: {fileID: 0}
    - target: {fileID: 453886, guid: 3deb04aaeeeea094aa1284a17c61d25a, type: 2}
      propertyPath: m_LocalPosition.y
      value: 3.46000004
      objectReference: {fileID: 0}
    - target: {fileID: 453886, guid: 3deb04aaeeeea094aa1284a17c61d25a, type: 2}
      propertyPath: m_LocalPosition.z
      value: 2.63000011
      objectReference: {fileID: 0}
    - target: {fileID: 453886, guid: 3deb04aaeeeea094aa1284a17c61d25a, type: 2}
      propertyPath: m_LocalRotation.x
      value: 0
      objectReference: {fileID: 0}
    - target: {fileID: 453886, guid: 3deb04aaeeeea094aa1284a17c61d25a, type: 2}
      propertyPath: m_LocalRotation.y
      value: 0
      objectReference: {fileID: 0}
    - target: {fileID: 453886, guid: 3deb04aaeeeea094aa1284a17c61d25a, type: 2}
      propertyPath: m_LocalRotation.z
      value: 0
      objectReference: {fileID: 0}
    - target: {fileID: 453886, guid: 3deb04aaeeeea094aa1284a17c61d25a, type: 2}
      propertyPath: m_LocalRotation.w
      value: 1
      objectReference: {fileID: 0}
    - target: {fileID: 453886, guid: 3deb04aaeeeea094aa1284a17c61d25a, type: 2}
      propertyPath: m_RootOrder
      value: 0
      objectReference: {fileID: 0}
    - target: {fileID: 453886, guid: 3deb04aaeeeea094aa1284a17c61d25a, type: 2}
      propertyPath: m_LocalScale.x
      value: 1.01324105
      objectReference: {fileID: 0}
    - target: {fileID: 453886, guid: 3deb04aaeeeea094aa1284a17c61d25a, type: 2}
      propertyPath: m_LocalScale.y
      value: .506619513
      objectReference: {fileID: 0}
    - target: {fileID: 453886, guid: 3deb04aaeeeea094aa1284a17c61d25a, type: 2}
      propertyPath: m_LocalScale.z
      value: .506619513
      objectReference: {fileID: 0}
    m_RemovedComponents: []
  m_ParentPrefab: {fileID: 100100000, guid: 3deb04aaeeeea094aa1284a17c61d25a, type: 2}
  m_IsPrefabParent: 0
--- !u!1001 &1222955684
Prefab:
  m_ObjectHideFlags: 0
  serializedVersion: 2
  m_Modification:
    m_TransformParent: {fileID: 0}
    m_Modifications:
    - target: {fileID: 472762, guid: 88d222b1f3f265d409e0a1e2d266ddcb, type: 2}
      propertyPath: m_LocalPosition.x
      value: -1.67999995
      objectReference: {fileID: 0}
    - target: {fileID: 472762, guid: 88d222b1f3f265d409e0a1e2d266ddcb, type: 2}
      propertyPath: m_LocalPosition.y
      value: 3.78999996
      objectReference: {fileID: 0}
    - target: {fileID: 472762, guid: 88d222b1f3f265d409e0a1e2d266ddcb, type: 2}
      propertyPath: m_LocalPosition.z
      value: 1.84000003
      objectReference: {fileID: 0}
    - target: {fileID: 472762, guid: 88d222b1f3f265d409e0a1e2d266ddcb, type: 2}
      propertyPath: m_LocalRotation.x
      value: 0
      objectReference: {fileID: 0}
    - target: {fileID: 472762, guid: 88d222b1f3f265d409e0a1e2d266ddcb, type: 2}
      propertyPath: m_LocalRotation.y
      value: .707106829
      objectReference: {fileID: 0}
    - target: {fileID: 472762, guid: 88d222b1f3f265d409e0a1e2d266ddcb, type: 2}
      propertyPath: m_LocalRotation.z
      value: 0
      objectReference: {fileID: 0}
    - target: {fileID: 472762, guid: 88d222b1f3f265d409e0a1e2d266ddcb, type: 2}
      propertyPath: m_LocalRotation.w
      value: .707106709
      objectReference: {fileID: 0}
    - target: {fileID: 472762, guid: 88d222b1f3f265d409e0a1e2d266ddcb, type: 2}
      propertyPath: m_RootOrder
      value: 0
      objectReference: {fileID: 0}
    - target: {fileID: 10800502, guid: 88d222b1f3f265d409e0a1e2d266ddcb, type: 2}
      propertyPath: m_Color.r
      value: .882352948
      objectReference: {fileID: 0}
    - target: {fileID: 10800502, guid: 88d222b1f3f265d409e0a1e2d266ddcb, type: 2}
      propertyPath: m_Color.g
      value: .678431392
      objectReference: {fileID: 0}
    - target: {fileID: 10800502, guid: 88d222b1f3f265d409e0a1e2d266ddcb, type: 2}
      propertyPath: m_Color.b
      value: .372549027
      objectReference: {fileID: 0}
    - target: {fileID: 13692000, guid: 88d222b1f3f265d409e0a1e2d266ddcb, type: 2}
      propertyPath: m_Radius
      value: .00968563184
      objectReference: {fileID: 0}
    m_RemovedComponents: []
  m_ParentPrefab: {fileID: 100100000, guid: 88d222b1f3f265d409e0a1e2d266ddcb, type: 2}
  m_IsPrefabParent: 0
--- !u!1001 &1574662587
Prefab:
  m_ObjectHideFlags: 0
  serializedVersion: 2
  m_Modification:
    m_TransformParent: {fileID: 0}
    m_Modifications:
    - target: {fileID: 443524, guid: 8844eba2b0606fc4ab230691871c0f9b, type: 2}
      propertyPath: m_LocalPosition.x
      value: -1.40999997
      objectReference: {fileID: 0}
    - target: {fileID: 443524, guid: 8844eba2b0606fc4ab230691871c0f9b, type: 2}
      propertyPath: m_LocalPosition.y
      value: 2.53999996
      objectReference: {fileID: 0}
    - target: {fileID: 443524, guid: 8844eba2b0606fc4ab230691871c0f9b, type: 2}
      propertyPath: m_LocalPosition.z
      value: 3.66199994
      objectReference: {fileID: 0}
    - target: {fileID: 443524, guid: 8844eba2b0606fc4ab230691871c0f9b, type: 2}
      propertyPath: m_LocalRotation.x
      value: 0
      objectReference: {fileID: 0}
    - target: {fileID: 443524, guid: 8844eba2b0606fc4ab230691871c0f9b, type: 2}
      propertyPath: m_LocalRotation.y
      value: 0
      objectReference: {fileID: 0}
    - target: {fileID: 443524, guid: 8844eba2b0606fc4ab230691871c0f9b, type: 2}
      propertyPath: m_LocalRotation.z
      value: 0
      objectReference: {fileID: 0}
    - target: {fileID: 443524, guid: 8844eba2b0606fc4ab230691871c0f9b, type: 2}
      propertyPath: m_LocalRotation.w
      value: 1
      objectReference: {fileID: 0}
    - target: {fileID: 443524, guid: 8844eba2b0606fc4ab230691871c0f9b, type: 2}
      propertyPath: m_RootOrder
      value: 0
      objectReference: {fileID: 0}
    - target: {fileID: 130474, guid: 8844eba2b0606fc4ab230691871c0f9b, type: 2}
      propertyPath: m_TagString
      value: Door
      objectReference: {fileID: 0}
    - target: {fileID: 443524, guid: 8844eba2b0606fc4ab230691871c0f9b, type: 2}
      propertyPath: m_LocalScale.x
      value: 2
      objectReference: {fileID: 0}
    - target: {fileID: 443524, guid: 8844eba2b0606fc4ab230691871c0f9b, type: 2}
      propertyPath: m_LocalScale.y
      value: 2
      objectReference: {fileID: 0}
    - target: {fileID: 443524, guid: 8844eba2b0606fc4ab230691871c0f9b, type: 2}
      propertyPath: m_LocalScale.z
      value: -2
      objectReference: {fileID: 0}
    m_RemovedComponents: []
  m_ParentPrefab: {fileID: 100100000, guid: 8844eba2b0606fc4ab230691871c0f9b, type: 2}
  m_IsPrefabParent: 0
--- !u!1 &1574662588 stripped
GameObject:
  m_PrefabParentObject: {fileID: 130474, guid: 8844eba2b0606fc4ab230691871c0f9b, type: 2}
  m_PrefabInternal: {fileID: 1574662587}
--- !u!114 &1574662589
MonoBehaviour:
  m_ObjectHideFlags: 0
  m_PrefabParentObject: {fileID: 0}
  m_PrefabInternal: {fileID: 0}
  m_GameObject: {fileID: 1574662588}
  m_Enabled: 1
  m_EditorHideFlags: 0
  m_Script: {fileID: 11500000, guid: 74720ff2899a85c448c7192b8bf8947d, type: 3}
  m_Name: 
  m_EditorClassIdentifier: 
  nextRoomPos: {x: 30.7776299, y: 2.83999991, z: -.829999983}
  nextScene: 5
--- !u!65 &1574662590
BoxCollider:
  m_ObjectHideFlags: 0
  m_PrefabParentObject: {fileID: 0}
  m_PrefabInternal: {fileID: 0}
  m_GameObject: {fileID: 1574662588}
  m_Material: {fileID: 0}
  m_IsTrigger: 0
  m_Enabled: 1
  serializedVersion: 2
  m_Size: {x: .724034488, y: 1.32693911, z: .71475172}
  m_Center: {x: -.211873919, y: 1.05876493, z: -.142620489}
--- !u!64 &1574662591
MeshCollider:
  m_ObjectHideFlags: 0
  m_PrefabParentObject: {fileID: 0}
  m_PrefabInternal: {fileID: 0}
  m_GameObject: {fileID: 1574662588}
  m_Material: {fileID: 0}
  m_IsTrigger: 0
  m_Enabled: 1
  serializedVersion: 2
  m_Convex: 0
  m_Mesh: {fileID: 0}
--- !u!1001 &1737080985
Prefab:
  m_ObjectHideFlags: 0
  serializedVersion: 2
  m_Modification:
    m_TransformParent: {fileID: 0}
    m_Modifications:
    - target: {fileID: 455766, guid: d180b6e16b187f44585ab5b55c4d2677, type: 2}
      propertyPath: m_LocalPosition.x
      value: -8.28862572
      objectReference: {fileID: 0}
    - target: {fileID: 455766, guid: d180b6e16b187f44585ab5b55c4d2677, type: 2}
      propertyPath: m_LocalPosition.y
      value: 21.6722164
      objectReference: {fileID: 0}
    - target: {fileID: 455766, guid: d180b6e16b187f44585ab5b55c4d2677, type: 2}
      propertyPath: m_LocalPosition.z
      value: -16.3475266
      objectReference: {fileID: 0}
    - target: {fileID: 455766, guid: d180b6e16b187f44585ab5b55c4d2677, type: 2}
      propertyPath: m_LocalRotation.x
      value: .241286278
      objectReference: {fileID: 0}
    - target: {fileID: 455766, guid: d180b6e16b187f44585ab5b55c4d2677, type: 2}
      propertyPath: m_LocalRotation.y
      value: 0
      objectReference: {fileID: 0}
    - target: {fileID: 455766, guid: d180b6e16b187f44585ab5b55c4d2677, type: 2}
      propertyPath: m_LocalRotation.z
      value: 0
      objectReference: {fileID: 0}
    - target: {fileID: 455766, guid: d180b6e16b187f44585ab5b55c4d2677, type: 2}
      propertyPath: m_LocalRotation.w
      value: .970454037
      objectReference: {fileID: 0}
    - target: {fileID: 455766, guid: d180b6e16b187f44585ab5b55c4d2677, type: 2}
      propertyPath: m_RootOrder
      value: 0
      objectReference: {fileID: 0}
    - target: {fileID: 11457666, guid: d180b6e16b187f44585ab5b55c4d2677, type: 2}
      propertyPath: playerPos
      value: 
      objectReference: {fileID: 1121480221}
    - target: {fileID: 11457666, guid: d180b6e16b187f44585ab5b55c4d2677, type: 2}
      propertyPath: xTarget
      value: -7
      objectReference: {fileID: 0}
    - target: {fileID: 11457666, guid: d180b6e16b187f44585ab5b55c4d2677, type: 2}
      propertyPath: yTarget
      value: 7
      objectReference: {fileID: 0}
    m_RemovedComponents: []
  m_ParentPrefab: {fileID: 100100000, guid: d180b6e16b187f44585ab5b55c4d2677, type: 2}
  m_IsPrefabParent: 0
--- !u!1001 &1799370834
Prefab:
  m_ObjectHideFlags: 0
  serializedVersion: 2
  m_Modification:
    m_TransformParent: {fileID: 0}
    m_Modifications:
    - target: {fileID: 400000, guid: 2ec018cc7a2c20f4abbb654c10238797, type: 3}
      propertyPath: m_LocalPosition.x
      value: -1.19462824
      objectReference: {fileID: 0}
    - target: {fileID: 400000, guid: 2ec018cc7a2c20f4abbb654c10238797, type: 3}
      propertyPath: m_LocalPosition.y
      value: 4.68110037
      objectReference: {fileID: 0}
    - target: {fileID: 400000, guid: 2ec018cc7a2c20f4abbb654c10238797, type: 3}
      propertyPath: m_LocalPosition.z
      value: -5.45923901
      objectReference: {fileID: 0}
    - target: {fileID: 400000, guid: 2ec018cc7a2c20f4abbb654c10238797, type: 3}
      propertyPath: m_LocalRotation.x
      value: 0
      objectReference: {fileID: 0}
    - target: {fileID: 400000, guid: 2ec018cc7a2c20f4abbb654c10238797, type: 3}
      propertyPath: m_LocalRotation.y
      value: 0
      objectReference: {fileID: 0}
    - target: {fileID: 400000, guid: 2ec018cc7a2c20f4abbb654c10238797, type: 3}
      propertyPath: m_LocalRotation.z
      value: 0
      objectReference: {fileID: 0}
    - target: {fileID: 400000, guid: 2ec018cc7a2c20f4abbb654c10238797, type: 3}
      propertyPath: m_LocalRotation.w
      value: 1
      objectReference: {fileID: 0}
    - target: {fileID: 400000, guid: 2ec018cc7a2c20f4abbb654c10238797, type: 3}
      propertyPath: m_RootOrder
      value: 2
      objectReference: {fileID: 0}
    - target: {fileID: 400000, guid: 2ec018cc7a2c20f4abbb654c10238797, type: 3}
      propertyPath: m_LocalScale.x
      value: 2.13506317
      objectReference: {fileID: 0}
    - target: {fileID: 400000, guid: 2ec018cc7a2c20f4abbb654c10238797, type: 3}
      propertyPath: m_LocalScale.y
      value: 2.13506103
      objectReference: {fileID: 0}
    - target: {fileID: 400000, guid: 2ec018cc7a2c20f4abbb654c10238797, type: 3}
      propertyPath: m_LocalScale.z
      value: 2.13506103
      objectReference: {fileID: 0}
    - target: {fileID: 100002, guid: 2ec018cc7a2c20f4abbb654c10238797, type: 3}
      propertyPath: m_TagString
      value: Floor
      objectReference: {fileID: 0}
    m_RemovedComponents: []
  m_ParentPrefab: {fileID: 100100000, guid: 2ec018cc7a2c20f4abbb654c10238797, type: 3}
  m_IsPrefabParent: 0
