%YAML 1.1
%TAG !u! tag:unity3d.com,2011:
--- !u!29 &1
SceneSettings:
  m_ObjectHideFlags: 0
  m_PVSData: 
  m_PVSObjectsArray: []
  m_PVSPortalsArray: []
  m_OcclusionBakeSettings:
    smallestOccluder: 5
    smallestHole: .25
    backfaceThreshold: 100
--- !u!104 &2
RenderSettings:
  m_ObjectHideFlags: 0
  serializedVersion: 6
  m_Fog: 0
  m_FogColor: {r: .5, g: .5, b: .5, a: 1}
  m_FogMode: 3
  m_FogDensity: .00999999978
  m_LinearFogStart: 0
  m_LinearFogEnd: 300
  m_AmbientSkyColor: {r: .211999997, g: .226999998, b: .259000003, a: 1}
  m_AmbientEquatorColor: {r: .114, g: .125, b: .133000001, a: 1}
  m_AmbientGroundColor: {r: .0469999984, g: .0430000015, b: .0350000001, a: 1}
  m_AmbientIntensity: 0
  m_AmbientMode: 0
  m_SkyboxMaterial: {fileID: 10304, guid: 0000000000000000f000000000000000, type: 0}
  m_HaloStrength: .5
  m_FlareStrength: 1
  m_FlareFadeSpeed: 3
  m_HaloTexture: {fileID: 0}
  m_SpotCookie: {fileID: 10001, guid: 0000000000000000e000000000000000, type: 0}
  m_DefaultReflectionMode: 0
  m_DefaultReflectionResolution: 128
  m_ReflectionBounces: 1
  m_ReflectionIntensity: 0
  m_CustomReflection: {fileID: 0}
  m_Sun: {fileID: 0}
--- !u!127 &3
LevelGameManager:
  m_ObjectHideFlags: 0
--- !u!157 &4
LightmapSettings:
  m_ObjectHideFlags: 0
  serializedVersion: 5
  m_GIWorkflowMode: 0
  m_LightmapsMode: 1
  m_GISettings:
    serializedVersion: 2
    m_BounceScale: 1
    m_IndirectOutputScale: 1
    m_AlbedoBoost: 1
    m_TemporalCoherenceThreshold: 1
    m_EnvironmentLightingMode: 0
    m_EnableBakedLightmaps: 1
    m_EnableRealtimeLightmaps: 1
  m_LightmapEditorSettings:
    serializedVersion: 3
    m_Resolution: 2
    m_BakeResolution: 40
    m_TextureWidth: 1024
    m_TextureHeight: 1024
    m_AOMaxDistance: 1
    m_Padding: 2
    m_CompAOExponent: 0
    m_LightmapParameters: {fileID: 0}
    m_TextureCompression: 1
    m_FinalGather: 0
    m_FinalGatherRayCount: 1024
  m_LightmapSnapshot: {fileID: 0}
  m_RuntimeCPUUsage: 25
--- !u!196 &5
NavMeshSettings:
  serializedVersion: 2
  m_ObjectHideFlags: 0
  m_BuildSettings:
    serializedVersion: 2
    agentRadius: .5
    agentHeight: 2
    agentSlope: 45
    agentClimb: .400000006
    ledgeDropHeight: 0
    maxJumpAcrossDistance: 0
    accuratePlacement: 0
    minRegionArea: 2
    cellSize: .166666672
    manualCellSize: 0
  m_NavMeshData: {fileID: 0}
--- !u!1 &54832222
GameObject:
  m_ObjectHideFlags: 0
  m_PrefabParentObject: {fileID: 0}
  m_PrefabInternal: {fileID: 0}
  serializedVersion: 4
  m_Component:
  - 4: {fileID: 54832223}
  m_Layer: 0
  m_Name: All
  m_TagString: Untagged
  m_Icon: {fileID: 0}
  m_NavMeshLayer: 0
  m_StaticEditorFlags: 0
  m_IsActive: 1
--- !u!4 &54832223
Transform:
  m_ObjectHideFlags: 0
  m_PrefabParentObject: {fileID: 0}
  m_PrefabInternal: {fileID: 0}
  m_GameObject: {fileID: 54832222}
  m_LocalRotation: {x: 0, y: 0, z: 0, w: 1}
  m_LocalPosition: {x: 0, y: 0, z: 0}
  m_LocalScale: {x: 2, y: 2, z: 2}
  m_Children:
  - {fileID: 424720132}
  - {fileID: 661946572}
  - {fileID: 1088749772}
  - {fileID: 78212848}
  - {fileID: 1406460506}
  - {fileID: 1717693596}
  - {fileID: 435666342}
  - {fileID: 1833259753}
  - {fileID: 226669283}
  - {fileID: 1583317583}
  - {fileID: 1853367558}
  m_Father: {fileID: 0}
  m_RootOrder: 8
--- !u!1 &73664584
GameObject:
  m_ObjectHideFlags: 0
  m_PrefabParentObject: {fileID: 0}
  m_PrefabInternal: {fileID: 0}
  serializedVersion: 4
  m_Component:
  - 4: {fileID: 73664586}
  - 65: {fileID: 73664585}
  m_Layer: 0
  m_Name: StairsCollider
  m_TagString: Untagged
  m_Icon: {fileID: 0}
  m_NavMeshLayer: 0
  m_StaticEditorFlags: 0
  m_IsActive: 1
--- !u!65 &73664585
BoxCollider:
  m_ObjectHideFlags: 0
  m_PrefabParentObject: {fileID: 0}
  m_PrefabInternal: {fileID: 0}
  m_GameObject: {fileID: 73664584}
  m_Material: {fileID: 0}
  m_IsTrigger: 0
  m_Enabled: 1
  serializedVersion: 2
  m_Size: {x: 1, y: 1, z: 1}
  m_Center: {x: 0, y: 0, z: 0}
--- !u!4 &73664586
Transform:
  m_ObjectHideFlags: 0
  m_PrefabParentObject: {fileID: 0}
  m_PrefabInternal: {fileID: 0}
  m_GameObject: {fileID: 73664584}
  m_LocalRotation: {x: .000332865486, y: .00587844662, z: .286843807, w: .957959294}
  m_LocalPosition: {x: 1.18099999, y: -1.53900003, z: -.152999997}
  m_LocalScale: {x: 4.04013252, y: 1, z: 2.09580564}
  m_Children: []
  m_Father: {fileID: 0}
  m_RootOrder: 9
--- !u!1001 &78212847
Prefab:
  m_ObjectHideFlags: 0
  serializedVersion: 2
  m_Modification:
    m_TransformParent: {fileID: 54832223}
    m_Modifications:
    - target: {fileID: 442892, guid: 3ba3977cfd232ee4cb33c740d2bfc98d, type: 2}
      propertyPath: m_LocalPosition.x
      value: -2.13905215
      objectReference: {fileID: 0}
    - target: {fileID: 442892, guid: 3ba3977cfd232ee4cb33c740d2bfc98d, type: 2}
      propertyPath: m_LocalPosition.y
      value: 0
      objectReference: {fileID: 0}
    - target: {fileID: 442892, guid: 3ba3977cfd232ee4cb33c740d2bfc98d, type: 2}
      propertyPath: m_LocalPosition.z
      value: 2.1808002
      objectReference: {fileID: 0}
    - target: {fileID: 442892, guid: 3ba3977cfd232ee4cb33c740d2bfc98d, type: 2}
      propertyPath: m_LocalRotation.x
      value: 0
      objectReference: {fileID: 0}
    - target: {fileID: 442892, guid: 3ba3977cfd232ee4cb33c740d2bfc98d, type: 2}
      propertyPath: m_LocalRotation.y
      value: 1
      objectReference: {fileID: 0}
    - target: {fileID: 442892, guid: 3ba3977cfd232ee4cb33c740d2bfc98d, type: 2}
      propertyPath: m_LocalRotation.z
      value: 0
      objectReference: {fileID: 0}
    - target: {fileID: 442892, guid: 3ba3977cfd232ee4cb33c740d2bfc98d, type: 2}
      propertyPath: m_LocalRotation.w
      value: -1.62920685e-07
      objectReference: {fileID: 0}
    - target: {fileID: 442892, guid: 3ba3977cfd232ee4cb33c740d2bfc98d, type: 2}
      propertyPath: m_RootOrder
      value: 3
      objectReference: {fileID: 0}
    m_RemovedComponents: []
  m_ParentPrefab: {fileID: 100100000, guid: 3ba3977cfd232ee4cb33c740d2bfc98d, type: 2}
  m_IsPrefabParent: 0
--- !u!4 &78212848 stripped
Transform:
  m_PrefabParentObject: {fileID: 442892, guid: 3ba3977cfd232ee4cb33c740d2bfc98d, type: 2}
  m_PrefabInternal: {fileID: 78212847}
--- !u!1001 &96319209
Prefab:
  m_ObjectHideFlags: 0
  serializedVersion: 2
  m_Modification:
    m_TransformParent: {fileID: 0}
    m_Modifications:
    - target: {fileID: 480440, guid: b296d633f4c00a44dad1b71ebb6f39e8, type: 2}
      propertyPath: m_LocalPosition.x
      value: -38.9029999
      objectReference: {fileID: 0}
    - target: {fileID: 480440, guid: b296d633f4c00a44dad1b71ebb6f39e8, type: 2}
      propertyPath: m_LocalPosition.y
      value: 2.68000007
      objectReference: {fileID: 0}
    - target: {fileID: 480440, guid: b296d633f4c00a44dad1b71ebb6f39e8, type: 2}
      propertyPath: m_LocalPosition.z
      value: 1.09200001
      objectReference: {fileID: 0}
    - target: {fileID: 480440, guid: b296d633f4c00a44dad1b71ebb6f39e8, type: 2}
      propertyPath: m_LocalRotation.x
      value: 0
      objectReference: {fileID: 0}
    - target: {fileID: 480440, guid: b296d633f4c00a44dad1b71ebb6f39e8, type: 2}
      propertyPath: m_LocalRotation.y
      value: .707106829
      objectReference: {fileID: 0}
    - target: {fileID: 480440, guid: b296d633f4c00a44dad1b71ebb6f39e8, type: 2}
      propertyPath: m_LocalRotation.z
      value: 0
      objectReference: {fileID: 0}
    - target: {fileID: 480440, guid: b296d633f4c00a44dad1b71ebb6f39e8, type: 2}
      propertyPath: m_LocalRotation.w
      value: .707106709
      objectReference: {fileID: 0}
    - target: {fileID: 480440, guid: b296d633f4c00a44dad1b71ebb6f39e8, type: 2}
      propertyPath: m_RootOrder
      value: 0
      objectReference: {fileID: 0}
    - target: {fileID: 176978, guid: b296d633f4c00a44dad1b71ebb6f39e8, type: 2}
      propertyPath: m_Name
      value: DoorMat02 (1)
      objectReference: {fileID: 0}
    m_RemovedComponents: []
  m_ParentPrefab: {fileID: 100100000, guid: b296d633f4c00a44dad1b71ebb6f39e8, type: 2}
  m_IsPrefabParent: 0
--- !u!1 &137092604
GameObject:
  m_ObjectHideFlags: 0
  m_PrefabParentObject: {fileID: 0}
  m_PrefabInternal: {fileID: 0}
  serializedVersion: 4
  m_Component:
  - 4: {fileID: 137092606}
  - 82: {fileID: 137092605}
  m_Layer: 0
  m_Name: PipeAmbience
  m_TagString: Untagged
  m_Icon: {fileID: 0}
  m_NavMeshLayer: 0
  m_StaticEditorFlags: 0
  m_IsActive: 1
--- !u!82 &137092605
AudioSource:
  m_ObjectHideFlags: 0
  m_PrefabParentObject: {fileID: 0}
  m_PrefabInternal: {fileID: 0}
  m_GameObject: {fileID: 137092604}
  m_Enabled: 1
  serializedVersion: 4
  OutputAudioMixerGroup: {fileID: 0}
  m_audioClip: {fileID: 8300000, guid: e8f4368d0ba4ae844a7406a0b859928a, type: 3}
  m_PlayOnAwake: 1
  m_Volume: .5
  m_Pitch: 1
  Loop: 1
  Mute: 0
  Priority: 128
  DopplerLevel: 1
  MinDistance: 1.47312021
  MaxDistance: 15.0014601
  Pan2D: 0
  rolloffMode: 2
  BypassEffects: 0
  BypassListenerEffects: 0
  BypassReverbZones: 0
  rolloffCustomCurve:
    serializedVersion: 2
    m_Curve:
    - time: 0
      value: .993641615
      inSlope: 0
      outSlope: 0
      tangentMode: 0
    - time: .373247683
      value: 1.00217843
      inSlope: .0100596398
      outSlope: .0100596398
      tangentMode: 0
    - time: 1
      value: 0
      inSlope: -4.31195831
      outSlope: -4.31195831
      tangentMode: 0
    m_PreInfinity: 2
    m_PostInfinity: 2
  panLevelCustomCurve:
    serializedVersion: 2
    m_Curve:
    - time: 0
      value: 1
      inSlope: 0
      outSlope: 0
      tangentMode: 0
    m_PreInfinity: 2
    m_PostInfinity: 2
  spreadCustomCurve:
    serializedVersion: 2
    m_Curve:
    - time: 0
      value: 0
      inSlope: 0
      outSlope: 0
      tangentMode: 0
    m_PreInfinity: 2
    m_PostInfinity: 2
  reverbZoneMixCustomCurve:
    serializedVersion: 2
    m_Curve:
    - time: 0
      value: 0
      inSlope: 0
      outSlope: 0
      tangentMode: 0
    m_PreInfinity: 2
    m_PostInfinity: 2
--- !u!4 &137092606
Transform:
  m_ObjectHideFlags: 0
  m_PrefabParentObject: {fileID: 0}
  m_PrefabInternal: {fileID: 0}
  m_GameObject: {fileID: 137092604}
  m_LocalRotation: {x: 0, y: 0, z: 0, w: 1}
  m_LocalPosition: {x: -3, y: .389999986, z: -3.31999993}
  m_LocalScale: {x: 1, y: 1, z: 1}
  m_Children: []
  m_Father: {fileID: 0}
  m_RootOrder: 7
--- !u!1001 &226669282
Prefab:
  m_ObjectHideFlags: 0
  serializedVersion: 2
  m_Modification:
    m_TransformParent: {fileID: 54832223}
    m_Modifications:
    - target: {fileID: 443524, guid: 8844eba2b0606fc4ab230691871c0f9b, type: 2}
      propertyPath: m_LocalPosition.x
      value: -1.74000001
      objectReference: {fileID: 0}
    - target: {fileID: 443524, guid: 8844eba2b0606fc4ab230691871c0f9b, type: 2}
      propertyPath: m_LocalPosition.y
      value: -.439999998
      objectReference: {fileID: 0}
    - target: {fileID: 443524, guid: 8844eba2b0606fc4ab230691871c0f9b, type: 2}
      propertyPath: m_LocalPosition.z
      value: -2.5
      objectReference: {fileID: 0}
    - target: {fileID: 443524, guid: 8844eba2b0606fc4ab230691871c0f9b, type: 2}
      propertyPath: m_LocalRotation.x
      value: 0
      objectReference: {fileID: 0}
    - target: {fileID: 443524, guid: 8844eba2b0606fc4ab230691871c0f9b, type: 2}
      propertyPath: m_LocalRotation.y
      value: 0
      objectReference: {fileID: 0}
    - target: {fileID: 443524, guid: 8844eba2b0606fc4ab230691871c0f9b, type: 2}
      propertyPath: m_LocalRotation.z
      value: 0
      objectReference: {fileID: 0}
    - target: {fileID: 443524, guid: 8844eba2b0606fc4ab230691871c0f9b, type: 2}
      propertyPath: m_LocalRotation.w
      value: 1
      objectReference: {fileID: 0}
    - target: {fileID: 443524, guid: 8844eba2b0606fc4ab230691871c0f9b, type: 2}
      propertyPath: m_RootOrder
      value: 8
      objectReference: {fileID: 0}
    - target: {fileID: 443524, guid: 8844eba2b0606fc4ab230691871c0f9b, type: 2}
      propertyPath: m_LocalScale.z
      value: 1
      objectReference: {fileID: 0}
    - target: {fileID: 443524, guid: 8844eba2b0606fc4ab230691871c0f9b, type: 2}
      propertyPath: m_LocalScale.x
      value: -1
      objectReference: {fileID: 0}
    - target: {fileID: 130474, guid: 8844eba2b0606fc4ab230691871c0f9b, type: 2}
      propertyPath: m_TagString
      value: Door
      objectReference: {fileID: 0}
    m_RemovedComponents: []
  m_ParentPrefab: {fileID: 100100000, guid: 8844eba2b0606fc4ab230691871c0f9b, type: 2}
  m_IsPrefabParent: 0
--- !u!4 &226669283 stripped
Transform:
  m_PrefabParentObject: {fileID: 443524, guid: 8844eba2b0606fc4ab230691871c0f9b, type: 2}
  m_PrefabInternal: {fileID: 226669282}
--- !u!1 &226669284 stripped
GameObject:
  m_PrefabParentObject: {fileID: 130474, guid: 8844eba2b0606fc4ab230691871c0f9b, type: 2}
  m_PrefabInternal: {fileID: 226669282}
--- !u!114 &226669285
MonoBehaviour:
  m_ObjectHideFlags: 0
  m_PrefabParentObject: {fileID: 0}
  m_PrefabInternal: {fileID: 0}
  m_GameObject: {fileID: 226669284}
  m_Enabled: 1
  m_EditorHideFlags: 0
  m_Script: {fileID: 11500000, guid: 74720ff2899a85c448c7192b8bf8947d, type: 3}
  m_Name: 
  m_EditorClassIdentifier: 
  nextRoomPos: {x: 8.25199986, y: 5.64866877, z: -2.3829999}
  nextScene: 7
--- !u!65 &226669286
BoxCollider:
  m_ObjectHideFlags: 0
  m_PrefabParentObject: {fileID: 0}
  m_PrefabInternal: {fileID: 0}
  m_GameObject: {fileID: 226669284}
  m_Material: {fileID: 0}
  m_IsTrigger: 0
  m_Enabled: 1
  serializedVersion: 2
  m_Size: {x: .666707397, y: 2.17363405, z: .730211616}
  m_Center: {x: -.166646242, y: .586817026, z: -.134894133}
--- !u!1001 &236327948
Prefab:
  m_ObjectHideFlags: 0
  serializedVersion: 2
  m_Modification:
    m_TransformParent: {fileID: 0}
    m_Modifications:
    - target: {fileID: 472762, guid: 88d222b1f3f265d409e0a1e2d266ddcb, type: 2}
      propertyPath: m_LocalPosition.x
      value: -3.04256892
      objectReference: {fileID: 0}
    - target: {fileID: 472762, guid: 88d222b1f3f265d409e0a1e2d266ddcb, type: 2}
      propertyPath: m_LocalPosition.y
      value: .0500000007
      objectReference: {fileID: 0}
    - target: {fileID: 472762, guid: 88d222b1f3f265d409e0a1e2d266ddcb, type: 2}
      propertyPath: m_LocalPosition.z
      value: -2.78034878
      objectReference: {fileID: 0}
    - target: {fileID: 472762, guid: 88d222b1f3f265d409e0a1e2d266ddcb, type: 2}
      propertyPath: m_LocalRotation.x
      value: 0
      objectReference: {fileID: 0}
    - target: {fileID: 472762, guid: 88d222b1f3f265d409e0a1e2d266ddcb, type: 2}
      propertyPath: m_LocalRotation.y
      value: .707106829
      objectReference: {fileID: 0}
    - target: {fileID: 472762, guid: 88d222b1f3f265d409e0a1e2d266ddcb, type: 2}
      propertyPath: m_LocalRotation.z
      value: 0
      objectReference: {fileID: 0}
    - target: {fileID: 472762, guid: 88d222b1f3f265d409e0a1e2d266ddcb, type: 2}
      propertyPath: m_LocalRotation.w
      value: .707106709
      objectReference: {fileID: 0}
    - target: {fileID: 472762, guid: 88d222b1f3f265d409e0a1e2d266ddcb, type: 2}
      propertyPath: m_RootOrder
      value: 0
      objectReference: {fileID: 0}
    - target: {fileID: 13692000, guid: 88d222b1f3f265d409e0a1e2d266ddcb, type: 2}
      propertyPath: m_Radius
      value: .009972509
      objectReference: {fileID: 0}
    - target: {fileID: 10800502, guid: 88d222b1f3f265d409e0a1e2d266ddcb, type: 2}
      propertyPath: m_Color.r
      value: .882352948
      objectReference: {fileID: 0}
    - target: {fileID: 10800502, guid: 88d222b1f3f265d409e0a1e2d266ddcb, type: 2}
      propertyPath: m_Color.g
      value: .678431392
      objectReference: {fileID: 0}
    - target: {fileID: 10800502, guid: 88d222b1f3f265d409e0a1e2d266ddcb, type: 2}
      propertyPath: m_Color.b
      value: .372549027
      objectReference: {fileID: 0}
    - target: {fileID: 10800502, guid: 88d222b1f3f265d409e0a1e2d266ddcb, type: 2}
      propertyPath: m_Color.a
      value: 1
      objectReference: {fileID: 0}
    m_RemovedComponents: []
  m_ParentPrefab: {fileID: 100100000, guid: 88d222b1f3f265d409e0a1e2d266ddcb, type: 2}
  m_IsPrefabParent: 0
--- !u!4 &236327949 stripped
Transform:
  m_PrefabParentObject: {fileID: 472762, guid: 88d222b1f3f265d409e0a1e2d266ddcb, type: 2}
  m_PrefabInternal: {fileID: 236327948}
--- !u!1001 &312028028
Prefab:
  m_ObjectHideFlags: 0
  serializedVersion: 2
  m_Modification:
    m_TransformParent: {fileID: 0}
    m_Modifications:
    - target: {fileID: 400000, guid: 1b418c3329c7c11468e3364917f937b8, type: 3}
      propertyPath: m_LocalPosition.x
      value: .0599999987
      objectReference: {fileID: 0}
    - target: {fileID: 400000, guid: 1b418c3329c7c11468e3364917f937b8, type: 3}
      propertyPath: m_LocalPosition.y
      value: 3.8499999
      objectReference: {fileID: 0}
    - target: {fileID: 400000, guid: 1b418c3329c7c11468e3364917f937b8, type: 3}
      propertyPath: m_LocalPosition.z
      value: 5.17999983
      objectReference: {fileID: 0}
    - target: {fileID: 400000, guid: 1b418c3329c7c11468e3364917f937b8, type: 3}
      propertyPath: m_LocalRotation.x
      value: .00215854682
      objectReference: {fileID: 0}
    - target: {fileID: 400000, guid: 1b418c3329c7c11468e3364917f937b8, type: 3}
      propertyPath: m_LocalRotation.y
      value: -.705277681
      objectReference: {fileID: 0}
    - target: {fileID: 400000, guid: 1b418c3329c7c11468e3364917f937b8, type: 3}
      propertyPath: m_LocalRotation.z
      value: .708925605
      objectReference: {fileID: 0}
    - target: {fileID: 400000, guid: 1b418c3329c7c11468e3364917f937b8, type: 3}
      propertyPath: m_LocalRotation.w
      value: .00181925052
      objectReference: {fileID: 0}
    - target: {fileID: 400000, guid: 1b418c3329c7c11468e3364917f937b8, type: 3}
      propertyPath: m_RootOrder
      value: 0
      objectReference: {fileID: 0}
    - target: {fileID: 400000, guid: 1b418c3329c7c11468e3364917f937b8, type: 3}
      propertyPath: m_LocalScale.x
      value: 787.806519
      objectReference: {fileID: 0}
    - target: {fileID: 400000, guid: 1b418c3329c7c11468e3364917f937b8, type: 3}
      propertyPath: m_LocalScale.y
      value: 787.806824
      objectReference: {fileID: 0}
    - target: {fileID: 400000, guid: 1b418c3329c7c11468e3364917f937b8, type: 3}
      propertyPath: m_LocalScale.z
      value: 787.806824
      objectReference: {fileID: 0}
    m_RemovedComponents: []
  m_ParentPrefab: {fileID: 100100000, guid: 1b418c3329c7c11468e3364917f937b8, type: 3}
  m_IsPrefabParent: 0
--- !u!1001 &424720131
Prefab:
  m_ObjectHideFlags: 0
  serializedVersion: 2
  m_Modification:
    m_TransformParent: {fileID: 54832223}
    m_Modifications:
    - target: {fileID: 415684, guid: ddae2f8cb574c3e4cbfd51ca6a025ec2, type: 2}
      propertyPath: m_LocalPosition.x
      value: -2.13269997
      objectReference: {fileID: 0}
    - target: {fileID: 415684, guid: ddae2f8cb574c3e4cbfd51ca6a025ec2, type: 2}
      propertyPath: m_LocalPosition.y
      value: 1.4598
      objectReference: {fileID: 0}
    - target: {fileID: 415684, guid: ddae2f8cb574c3e4cbfd51ca6a025ec2, type: 2}
      propertyPath: m_LocalPosition.z
      value: 2.75
      objectReference: {fileID: 0}
    - target: {fileID: 415684, guid: ddae2f8cb574c3e4cbfd51ca6a025ec2, type: 2}
      propertyPath: m_LocalRotation.x
      value: .707106829
      objectReference: {fileID: 0}
    - target: {fileID: 415684, guid: ddae2f8cb574c3e4cbfd51ca6a025ec2, type: 2}
      propertyPath: m_LocalRotation.y
      value: -5.9604659e-08
      objectReference: {fileID: 0}
    - target: {fileID: 415684, guid: ddae2f8cb574c3e4cbfd51ca6a025ec2, type: 2}
      propertyPath: m_LocalRotation.z
      value: -2.98023295e-08
      objectReference: {fileID: 0}
    - target: {fileID: 415684, guid: ddae2f8cb574c3e4cbfd51ca6a025ec2, type: 2}
      propertyPath: m_LocalRotation.w
      value: .707106829
      objectReference: {fileID: 0}
    - target: {fileID: 415684, guid: ddae2f8cb574c3e4cbfd51ca6a025ec2, type: 2}
      propertyPath: m_RootOrder
      value: 0
      objectReference: {fileID: 0}
    - target: {fileID: 415684, guid: ddae2f8cb574c3e4cbfd51ca6a025ec2, type: 2}
      propertyPath: m_LocalScale.x
      value: .457159281
      objectReference: {fileID: 0}
    - target: {fileID: 415684, guid: ddae2f8cb574c3e4cbfd51ca6a025ec2, type: 2}
      propertyPath: m_LocalScale.y
      value: .245082036
      objectReference: {fileID: 0}
    - target: {fileID: 415684, guid: ddae2f8cb574c3e4cbfd51ca6a025ec2, type: 2}
      propertyPath: m_LocalScale.z
      value: .457159698
      objectReference: {fileID: 0}
    m_RemovedComponents: []
  m_ParentPrefab: {fileID: 100100000, guid: ddae2f8cb574c3e4cbfd51ca6a025ec2, type: 2}
  m_IsPrefabParent: 0
--- !u!4 &424720132 stripped
Transform:
  m_PrefabParentObject: {fileID: 415684, guid: ddae2f8cb574c3e4cbfd51ca6a025ec2, type: 2}
  m_PrefabInternal: {fileID: 424720131}
--- !u!1001 &435666341
Prefab:
  m_ObjectHideFlags: 0
  serializedVersion: 2
  m_Modification:
    m_TransformParent: {fileID: 54832223}
    m_Modifications:
    - target: {fileID: 442892, guid: 3ba3977cfd232ee4cb33c740d2bfc98d, type: 2}
      propertyPath: m_LocalPosition.x
      value: -1.16999996
      objectReference: {fileID: 0}
    - target: {fileID: 442892, guid: 3ba3977cfd232ee4cb33c740d2bfc98d, type: 2}
      propertyPath: m_LocalPosition.y
      value: 0
      objectReference: {fileID: 0}
    - target: {fileID: 442892, guid: 3ba3977cfd232ee4cb33c740d2bfc98d, type: 2}
      propertyPath: m_LocalPosition.z
      value: 2.1808002
      objectReference: {fileID: 0}
    - target: {fileID: 442892, guid: 3ba3977cfd232ee4cb33c740d2bfc98d, type: 2}
      propertyPath: m_LocalRotation.x
      value: 0
      objectReference: {fileID: 0}
    - target: {fileID: 442892, guid: 3ba3977cfd232ee4cb33c740d2bfc98d, type: 2}
      propertyPath: m_LocalRotation.y
      value: 1
      objectReference: {fileID: 0}
    - target: {fileID: 442892, guid: 3ba3977cfd232ee4cb33c740d2bfc98d, type: 2}
      propertyPath: m_LocalRotation.z
      value: 0
      objectReference: {fileID: 0}
    - target: {fileID: 442892, guid: 3ba3977cfd232ee4cb33c740d2bfc98d, type: 2}
      propertyPath: m_LocalRotation.w
      value: -1.62920685e-07
      objectReference: {fileID: 0}
    - target: {fileID: 442892, guid: 3ba3977cfd232ee4cb33c740d2bfc98d, type: 2}
      propertyPath: m_RootOrder
      value: 6
      objectReference: {fileID: 0}
    - target: {fileID: 144356, guid: 3ba3977cfd232ee4cb33c740d2bfc98d, type: 2}
      propertyPath: m_Name
      value: Tank (1)
      objectReference: {fileID: 0}
    m_RemovedComponents: []
  m_ParentPrefab: {fileID: 100100000, guid: 3ba3977cfd232ee4cb33c740d2bfc98d, type: 2}
  m_IsPrefabParent: 0
--- !u!4 &435666342 stripped
Transform:
  m_PrefabParentObject: {fileID: 442892, guid: 3ba3977cfd232ee4cb33c740d2bfc98d, type: 2}
  m_PrefabInternal: {fileID: 435666341}
--- !u!1001 &661946571
Prefab:
  m_ObjectHideFlags: 0
  serializedVersion: 2
  m_Modification:
    m_TransformParent: {fileID: 54832223}
    m_Modifications:
    - target: {fileID: 443524, guid: 8844eba2b0606fc4ab230691871c0f9b, type: 2}
      propertyPath: m_LocalPosition.x
      value: -19.8600006
      objectReference: {fileID: 0}
    - target: {fileID: 443524, guid: 8844eba2b0606fc4ab230691871c0f9b, type: 2}
      propertyPath: m_LocalPosition.y
      value: .860000014
      objectReference: {fileID: 0}
    - target: {fileID: 443524, guid: 8844eba2b0606fc4ab230691871c0f9b, type: 2}
      propertyPath: m_LocalPosition.z
      value: .400000006
      objectReference: {fileID: 0}
    - target: {fileID: 443524, guid: 8844eba2b0606fc4ab230691871c0f9b, type: 2}
      propertyPath: m_LocalRotation.x
      value: 0
      objectReference: {fileID: 0}
    - target: {fileID: 443524, guid: 8844eba2b0606fc4ab230691871c0f9b, type: 2}
      propertyPath: m_LocalRotation.y
      value: .707106829
      objectReference: {fileID: 0}
    - target: {fileID: 443524, guid: 8844eba2b0606fc4ab230691871c0f9b, type: 2}
      propertyPath: m_LocalRotation.z
      value: 0
      objectReference: {fileID: 0}
    - target: {fileID: 443524, guid: 8844eba2b0606fc4ab230691871c0f9b, type: 2}
      propertyPath: m_LocalRotation.w
      value: .707106709
      objectReference: {fileID: 0}
    - target: {fileID: 443524, guid: 8844eba2b0606fc4ab230691871c0f9b, type: 2}
      propertyPath: m_RootOrder
      value: 1
      objectReference: {fileID: 0}
    - target: {fileID: 130474, guid: 8844eba2b0606fc4ab230691871c0f9b, type: 2}
      propertyPath: m_Name
      value: BasementDoor (1)
      objectReference: {fileID: 0}
    - target: {fileID: 443524, guid: 8844eba2b0606fc4ab230691871c0f9b, type: 2}
      propertyPath: m_LocalScale.z
      value: 1
      objectReference: {fileID: 0}
    - target: {fileID: 130474, guid: 8844eba2b0606fc4ab230691871c0f9b, type: 2}
      propertyPath: m_TagString
      value: Door
      objectReference: {fileID: 0}
    m_RemovedComponents: []
  m_ParentPrefab: {fileID: 100100000, guid: 8844eba2b0606fc4ab230691871c0f9b, type: 2}
  m_IsPrefabParent: 0
--- !u!4 &661946572 stripped
Transform:
  m_PrefabParentObject: {fileID: 443524, guid: 8844eba2b0606fc4ab230691871c0f9b, type: 2}
  m_PrefabInternal: {fileID: 661946571}
--- !u!1 &661946573 stripped
GameObject:
  m_PrefabParentObject: {fileID: 130474, guid: 8844eba2b0606fc4ab230691871c0f9b, type: 2}
  m_PrefabInternal: {fileID: 661946571}
--- !u!65 &661946574
BoxCollider:
  m_ObjectHideFlags: 0
  m_PrefabParentObject: {fileID: 0}
  m_PrefabInternal: {fileID: 0}
  m_GameObject: {fileID: 661946573}
  m_Material: {fileID: 0}
  m_IsTrigger: 0
  m_Enabled: 1
  serializedVersion: 2
  m_Size: {x: .657494128, y: 2.11394763, z: .731793821}
  m_Center: {x: -.171250403, y: .556973934, z: -.134134293}
--- !u!114 &661946575
MonoBehaviour:
  m_ObjectHideFlags: 0
  m_PrefabParentObject: {fileID: 0}
  m_PrefabInternal: {fileID: 0}
  m_GameObject: {fileID: 661946573}
  m_Enabled: 1
  m_EditorHideFlags: 0
  m_Script: {fileID: 11500000, guid: 74720ff2899a85c448c7192b8bf8947d, type: 3}
  m_Name: 
  m_EditorClassIdentifier: 
  nextRoomPos: {x: 4.12200022, y: 9.21000004, z: 2.22199988}
  nextScene: 6
--- !u!1001 &833211412
Prefab:
  m_ObjectHideFlags: 0
  serializedVersion: 2
  m_Modification:
    m_TransformParent: {fileID: 0}
    m_Modifications:
    - target: {fileID: 480440, guid: b296d633f4c00a44dad1b71ebb6f39e8, type: 2}
      propertyPath: m_LocalPosition.x
      value: -3.17000008
      objectReference: {fileID: 0}
    - target: {fileID: 480440, guid: b296d633f4c00a44dad1b71ebb6f39e8, type: 2}
      propertyPath: m_LocalPosition.y
      value: .0299999993
      objectReference: {fileID: 0}
    - target: {fileID: 480440, guid: b296d633f4c00a44dad1b71ebb6f39e8, type: 2}
      propertyPath: m_LocalPosition.z
      value: -4.17999983
      objectReference: {fileID: 0}
    - target: {fileID: 480440, guid: b296d633f4c00a44dad1b71ebb6f39e8, type: 2}
      propertyPath: m_LocalRotation.x
      value: 0
      objectReference: {fileID: 0}
    - target: {fileID: 480440, guid: b296d633f4c00a44dad1b71ebb6f39e8, type: 2}
      propertyPath: m_LocalRotation.y
      value: 0
      objectReference: {fileID: 0}
    - target: {fileID: 480440, guid: b296d633f4c00a44dad1b71ebb6f39e8, type: 2}
      propertyPath: m_LocalRotation.z
      value: 0
      objectReference: {fileID: 0}
    - target: {fileID: 480440, guid: b296d633f4c00a44dad1b71ebb6f39e8, type: 2}
      propertyPath: m_LocalRotation.w
      value: 1
      objectReference: {fileID: 0}
    - target: {fileID: 480440, guid: b296d633f4c00a44dad1b71ebb6f39e8, type: 2}
      propertyPath: m_RootOrder
      value: 0
      objectReference: {fileID: 0}
    m_RemovedComponents: []
  m_ParentPrefab: {fileID: 100100000, guid: b296d633f4c00a44dad1b71ebb6f39e8, type: 2}
  m_IsPrefabParent: 0
--- !u!1001 &1088749771
Prefab:
  m_ObjectHideFlags: 0
  serializedVersion: 2
  m_Modification:
    m_TransformParent: {fileID: 54832223}
    m_Modifications:
    - target: {fileID: 421042, guid: 0703fabc11a5033428fef3c6cf33f8b5, type: 2}
      propertyPath: m_LocalPosition.x
      value: -17.0799999
      objectReference: {fileID: 0}
    - target: {fileID: 421042, guid: 0703fabc11a5033428fef3c6cf33f8b5, type: 2}
      propertyPath: m_LocalPosition.y
      value: .150000006
      objectReference: {fileID: 0}
    - target: {fileID: 421042, guid: 0703fabc11a5033428fef3c6cf33f8b5, type: 2}
      propertyPath: m_LocalPosition.z
      value: -10.8900003
      objectReference: {fileID: 0}
    - target: {fileID: 421042, guid: 0703fabc11a5033428fef3c6cf33f8b5, type: 2}
      propertyPath: m_LocalRotation.x
      value: 0
      objectReference: {fileID: 0}
    - target: {fileID: 421042, guid: 0703fabc11a5033428fef3c6cf33f8b5, type: 2}
      propertyPath: m_LocalRotation.y
      value: .707106829
      objectReference: {fileID: 0}
    - target: {fileID: 421042, guid: 0703fabc11a5033428fef3c6cf33f8b5, type: 2}
      propertyPath: m_LocalRotation.z
      value: 0
      objectReference: {fileID: 0}
    - target: {fileID: 421042, guid: 0703fabc11a5033428fef3c6cf33f8b5, type: 2}
      propertyPath: m_LocalRotation.w
      value: .707106709
      objectReference: {fileID: 0}
    - target: {fileID: 421042, guid: 0703fabc11a5033428fef3c6cf33f8b5, type: 2}
      propertyPath: m_RootOrder
      value: 2
      objectReference: {fileID: 0}
    m_RemovedComponents: []
  m_ParentPrefab: {fileID: 100100000, guid: 0703fabc11a5033428fef3c6cf33f8b5, type: 2}
  m_IsPrefabParent: 0
--- !u!4 &1088749772 stripped
Transform:
  m_PrefabParentObject: {fileID: 421042, guid: 0703fabc11a5033428fef3c6cf33f8b5, type: 2}
  m_PrefabInternal: {fileID: 1088749771}
--- !u!1001 &1406460505
Prefab:
  m_ObjectHideFlags: 0
  serializedVersion: 2
  m_Modification:
    m_TransformParent: {fileID: 54832223}
    m_Modifications:
    - target: {fileID: 415684, guid: ddae2f8cb574c3e4cbfd51ca6a025ec2, type: 2}
      propertyPath: m_LocalPosition.x
      value: -1.15999997
      objectReference: {fileID: 0}
    - target: {fileID: 415684, guid: ddae2f8cb574c3e4cbfd51ca6a025ec2, type: 2}
      propertyPath: m_LocalPosition.y
      value: 1.4598
      objectReference: {fileID: 0}
    - target: {fileID: 415684, guid: ddae2f8cb574c3e4cbfd51ca6a025ec2, type: 2}
      propertyPath: m_LocalPosition.z
      value: 2.75
      objectReference: {fileID: 0}
    - target: {fileID: 415684, guid: ddae2f8cb574c3e4cbfd51ca6a025ec2, type: 2}
      propertyPath: m_LocalRotation.x
      value: .707106829
      objectReference: {fileID: 0}
    - target: {fileID: 415684, guid: ddae2f8cb574c3e4cbfd51ca6a025ec2, type: 2}
      propertyPath: m_LocalRotation.y
      value: -5.9604659e-08
      objectReference: {fileID: 0}
    - target: {fileID: 415684, guid: ddae2f8cb574c3e4cbfd51ca6a025ec2, type: 2}
      propertyPath: m_LocalRotation.z
      value: -2.98023295e-08
      objectReference: {fileID: 0}
    - target: {fileID: 415684, guid: ddae2f8cb574c3e4cbfd51ca6a025ec2, type: 2}
      propertyPath: m_LocalRotation.w
      value: .707106829
      objectReference: {fileID: 0}
    - target: {fileID: 415684, guid: ddae2f8cb574c3e4cbfd51ca6a025ec2, type: 2}
      propertyPath: m_RootOrder
      value: 4
      objectReference: {fileID: 0}
    - target: {fileID: 415684, guid: ddae2f8cb574c3e4cbfd51ca6a025ec2, type: 2}
      propertyPath: m_LocalScale.x
      value: .457159281
      objectReference: {fileID: 0}
    - target: {fileID: 415684, guid: ddae2f8cb574c3e4cbfd51ca6a025ec2, type: 2}
      propertyPath: m_LocalScale.y
      value: .245082036
      objectReference: {fileID: 0}
    - target: {fileID: 415684, guid: ddae2f8cb574c3e4cbfd51ca6a025ec2, type: 2}
      propertyPath: m_LocalScale.z
      value: .457159698
      objectReference: {fileID: 0}
    - target: {fileID: 181810, guid: ddae2f8cb574c3e4cbfd51ca6a025ec2, type: 2}
      propertyPath: m_Name
      value: Pipe (1)
      objectReference: {fileID: 0}
    m_RemovedComponents: []
  m_ParentPrefab: {fileID: 100100000, guid: ddae2f8cb574c3e4cbfd51ca6a025ec2, type: 2}
  m_IsPrefabParent: 0
--- !u!4 &1406460506 stripped
Transform:
  m_PrefabParentObject: {fileID: 415684, guid: ddae2f8cb574c3e4cbfd51ca6a025ec2, type: 2}
  m_PrefabInternal: {fileID: 1406460505}
--- !u!1 &1504609695
GameObject:
  m_ObjectHideFlags: 0
  m_PrefabParentObject: {fileID: 0}
  m_PrefabInternal: {fileID: 0}
  serializedVersion: 4
  m_Component:
  - 4: {fileID: 1504609697}
  - 82: {fileID: 1504609696}
  m_Layer: 0
  m_Name: MachineAmbience
  m_TagString: Untagged
  m_Icon: {fileID: 0}
  m_NavMeshLayer: 0
  m_StaticEditorFlags: 0
  m_IsActive: 1
--- !u!82 &1504609696
AudioSource:
  m_ObjectHideFlags: 0
  m_PrefabParentObject: {fileID: 0}
  m_PrefabInternal: {fileID: 0}
  m_GameObject: {fileID: 1504609695}
  m_Enabled: 1
  serializedVersion: 4
  OutputAudioMixerGroup: {fileID: 0}
  m_audioClip: {fileID: 8300000, guid: baea6326b8a533f449cdb97fcc4b273b, type: 3}
  m_PlayOnAwake: 1
  m_Volume: .200000003
  m_Pitch: 1
  Loop: 1
  Mute: 0
  Priority: 128
  DopplerLevel: 1
  MinDistance: 1.47312021
  MaxDistance: 26.170433
  Pan2D: 0
  rolloffMode: 2
  BypassEffects: 0
  BypassListenerEffects: 0
  BypassReverbZones: 0
  rolloffCustomCurve:
    serializedVersion: 2
    m_Curve:
    - time: 0
      value: .995820045
      inSlope: .0123360259
      outSlope: .0123360259
      tangentMode: 0
    - time: 1
      value: 0
      inSlope: -.0842933208
      outSlope: -.0842933208
      tangentMode: 0
    m_PreInfinity: 2
    m_PostInfinity: 2
  panLevelCustomCurve:
    serializedVersion: 2
    m_Curve:
    - time: 0
      value: 1
      inSlope: 0
      outSlope: 0
      tangentMode: 0
    m_PreInfinity: 2
    m_PostInfinity: 2
  spreadCustomCurve:
    serializedVersion: 2
    m_Curve:
    - time: 0
      value: 0
      inSlope: 0
      outSlope: 0
      tangentMode: 0
    m_PreInfinity: 2
    m_PostInfinity: 2
  reverbZoneMixCustomCurve:
    serializedVersion: 2
    m_Curve:
    - time: 0
      value: 0
      inSlope: 0
      outSlope: 0
      tangentMode: 0
    m_PreInfinity: 2
    m_PostInfinity: 2
--- !u!4 &1504609697
Transform:
  m_ObjectHideFlags: 0
  m_PrefabParentObject: {fileID: 0}
  m_PrefabInternal: {fileID: 0}
  m_GameObject: {fileID: 1504609695}
  m_LocalRotation: {x: 0, y: 0, z: 0, w: 1}
  m_LocalPosition: {x: -41.0800018, y: 3.43000007, z: .910000026}
  m_LocalScale: {x: 1, y: 1, z: 1}
  m_Children: []
  m_Father: {fileID: 0}
  m_RootOrder: 6
--- !u!1001 &1583317582
Prefab:
  m_ObjectHideFlags: 0
  serializedVersion: 2
  m_Modification:
    m_TransformParent: {fileID: 54832223}
    m_Modifications:
    - target: {fileID: 400000, guid: c51f4c6d78e0d80468db236a24bb1a07, type: 3}
      propertyPath: m_LocalPosition.x
      value: .800000012
      objectReference: {fileID: 0}
    - target: {fileID: 400000, guid: c51f4c6d78e0d80468db236a24bb1a07, type: 3}
      propertyPath: m_LocalPosition.y
      value: -1.10099995
      objectReference: {fileID: 0}
    - target: {fileID: 400000, guid: c51f4c6d78e0d80468db236a24bb1a07, type: 3}
      propertyPath: m_LocalPosition.z
      value: -.100000001
      objectReference: {fileID: 0}
    - target: {fileID: 400000, guid: c51f4c6d78e0d80468db236a24bb1a07, type: 3}
      propertyPath: m_LocalRotation.x
      value: 0
      objectReference: {fileID: 0}
    - target: {fileID: 400000, guid: c51f4c6d78e0d80468db236a24bb1a07, type: 3}
      propertyPath: m_LocalRotation.y
      value: .707106948
      objectReference: {fileID: 0}
    - target: {fileID: 400000, guid: c51f4c6d78e0d80468db236a24bb1a07, type: 3}
      propertyPath: m_LocalRotation.z
      value: 0
      objectReference: {fileID: 0}
    - target: {fileID: 400000, guid: c51f4c6d78e0d80468db236a24bb1a07, type: 3}
      propertyPath: m_LocalRotation.w
      value: .707106709
      objectReference: {fileID: 0}
    - target: {fileID: 400000, guid: c51f4c6d78e0d80468db236a24bb1a07, type: 3}
      propertyPath: m_RootOrder
      value: 9
      objectReference: {fileID: 0}
    - target: {fileID: 400000, guid: c51f4c6d78e0d80468db236a24bb1a07, type: 3}
      propertyPath: m_LocalScale.y
      value: 1.52295268
      objectReference: {fileID: 0}
    - target: {fileID: 400000, guid: c51f4c6d78e0d80468db236a24bb1a07, type: 3}
      propertyPath: m_LocalScale.z
      value: -.79657644
      objectReference: {fileID: 0}
    - target: {fileID: 400000, guid: c51f4c6d78e0d80468db236a24bb1a07, type: 3}
      propertyPath: m_LocalScale.x
      value: .963016331
      objectReference: {fileID: 0}
    m_RemovedComponents: []
  m_ParentPrefab: {fileID: 100100000, guid: c51f4c6d78e0d80468db236a24bb1a07, type: 3}
  m_IsPrefabParent: 0
--- !u!4 &1583317583 stripped
Transform:
  m_PrefabParentObject: {fileID: 400000, guid: c51f4c6d78e0d80468db236a24bb1a07, type: 3}
  m_PrefabInternal: {fileID: 1583317582}
--- !u!1001 &1717693595
Prefab:
  m_ObjectHideFlags: 0
  serializedVersion: 2
  m_Modification:
    m_TransformParent: {fileID: 54832223}
    m_Modifications:
    - target: {fileID: 415684, guid: ddae2f8cb574c3e4cbfd51ca6a025ec2, type: 2}
      propertyPath: m_LocalPosition.x
      value: -.200000003
      objectReference: {fileID: 0}
    - target: {fileID: 415684, guid: ddae2f8cb574c3e4cbfd51ca6a025ec2, type: 2}
      propertyPath: m_LocalPosition.y
      value: 1.4598
      objectReference: {fileID: 0}
    - target: {fileID: 415684, guid: ddae2f8cb574c3e4cbfd51ca6a025ec2, type: 2}
      propertyPath: m_LocalPosition.z
      value: 2.75
      objectReference: {fileID: 0}
    - target: {fileID: 415684, guid: ddae2f8cb574c3e4cbfd51ca6a025ec2, type: 2}
      propertyPath: m_LocalRotation.x
      value: .707106829
      objectReference: {fileID: 0}
    - target: {fileID: 415684, guid: ddae2f8cb574c3e4cbfd51ca6a025ec2, type: 2}
      propertyPath: m_LocalRotation.y
      value: -5.9604659e-08
      objectReference: {fileID: 0}
    - target: {fileID: 415684, guid: ddae2f8cb574c3e4cbfd51ca6a025ec2, type: 2}
      propertyPath: m_LocalRotation.z
      value: -2.98023295e-08
      objectReference: {fileID: 0}
    - target: {fileID: 415684, guid: ddae2f8cb574c3e4cbfd51ca6a025ec2, type: 2}
      propertyPath: m_LocalRotation.w
      value: .707106829
      objectReference: {fileID: 0}
    - target: {fileID: 415684, guid: ddae2f8cb574c3e4cbfd51ca6a025ec2, type: 2}
      propertyPath: m_RootOrder
      value: 5
      objectReference: {fileID: 0}
    - target: {fileID: 415684, guid: ddae2f8cb574c3e4cbfd51ca6a025ec2, type: 2}
      propertyPath: m_LocalScale.x
      value: .457159281
      objectReference: {fileID: 0}
    - target: {fileID: 415684, guid: ddae2f8cb574c3e4cbfd51ca6a025ec2, type: 2}
      propertyPath: m_LocalScale.y
      value: .245082036
      objectReference: {fileID: 0}
    - target: {fileID: 415684, guid: ddae2f8cb574c3e4cbfd51ca6a025ec2, type: 2}
      propertyPath: m_LocalScale.z
      value: .457159698
      objectReference: {fileID: 0}
    - target: {fileID: 181810, guid: ddae2f8cb574c3e4cbfd51ca6a025ec2, type: 2}
      propertyPath: m_Name
      value: Pipe (2)
      objectReference: {fileID: 0}
    m_RemovedComponents: []
  m_ParentPrefab: {fileID: 100100000, guid: ddae2f8cb574c3e4cbfd51ca6a025ec2, type: 2}
  m_IsPrefabParent: 0
--- !u!4 &1717693596 stripped
Transform:
  m_PrefabParentObject: {fileID: 415684, guid: ddae2f8cb574c3e4cbfd51ca6a025ec2, type: 2}
  m_PrefabInternal: {fileID: 1717693595}
--- !u!1001 &1790895784
Prefab:
  m_ObjectHideFlags: 0
  serializedVersion: 2
  m_Modification:
    m_TransformParent: {fileID: 0}
    m_Modifications:
    - target: {fileID: 455766, guid: d180b6e16b187f44585ab5b55c4d2677, type: 2}
      propertyPath: m_LocalPosition.x
      value: -6.70298958
      objectReference: {fileID: 0}
    - target: {fileID: 455766, guid: d180b6e16b187f44585ab5b55c4d2677, type: 2}
      propertyPath: m_LocalPosition.y
      value: 21.3247051
      objectReference: {fileID: 0}
    - target: {fileID: 455766, guid: d180b6e16b187f44585ab5b55c4d2677, type: 2}
      propertyPath: m_LocalPosition.z
      value: -15.2003336
      objectReference: {fileID: 0}
    - target: {fileID: 455766, guid: d180b6e16b187f44585ab5b55c4d2677, type: 2}
      propertyPath: m_LocalRotation.x
      value: .241286278
      objectReference: {fileID: 0}
    - target: {fileID: 455766, guid: d180b6e16b187f44585ab5b55c4d2677, type: 2}
      propertyPath: m_LocalRotation.y
      value: 0
      objectReference: {fileID: 0}
    - target: {fileID: 455766, guid: d180b6e16b187f44585ab5b55c4d2677, type: 2}
      propertyPath: m_LocalRotation.z
      value: 0
      objectReference: {fileID: 0}
    - target: {fileID: 455766, guid: d180b6e16b187f44585ab5b55c4d2677, type: 2}
      propertyPath: m_LocalRotation.w
      value: .970454037
      objectReference: {fileID: 0}
    - target: {fileID: 455766, guid: d180b6e16b187f44585ab5b55c4d2677, type: 2}
      propertyPath: m_RootOrder
      value: 0
      objectReference: {fileID: 0}
    - target: {fileID: 11457666, guid: d180b6e16b187f44585ab5b55c4d2677, type: 2}
      propertyPath: playerPos
      value: 
      objectReference: {fileID: 236327949}
    m_RemovedComponents:
    - {fileID: 8133660, guid: d180b6e16b187f44585ab5b55c4d2677, type: 2}
  m_ParentPrefab: {fileID: 100100000, guid: d180b6e16b187f44585ab5b55c4d2677, type: 2}
  m_IsPrefabParent: 0
--- !u!1001 &1833259752
Prefab:
  m_ObjectHideFlags: 0
  serializedVersion: 2
  m_Modification:
    m_TransformParent: {fileID: 54832223}
    m_Modifications:
    - target: {fileID: 442892, guid: 3ba3977cfd232ee4cb33c740d2bfc98d, type: 2}
      propertyPath: m_LocalPosition.x
      value: -.209999993
      objectReference: {fileID: 0}
    - target: {fileID: 442892, guid: 3ba3977cfd232ee4cb33c740d2bfc98d, type: 2}
      propertyPath: m_LocalPosition.y
      value: 0
      objectReference: {fileID: 0}
    - target: {fileID: 442892, guid: 3ba3977cfd232ee4cb33c740d2bfc98d, type: 2}
      propertyPath: m_LocalPosition.z
      value: 2.1808002
      objectReference: {fileID: 0}
    - target: {fileID: 442892, guid: 3ba3977cfd232ee4cb33c740d2bfc98d, type: 2}
      propertyPath: m_LocalRotation.x
      value: 0
      objectReference: {fileID: 0}
    - target: {fileID: 442892, guid: 3ba3977cfd232ee4cb33c740d2bfc98d, type: 2}
      propertyPath: m_LocalRotation.y
      value: 1
      objectReference: {fileID: 0}
    - target: {fileID: 442892, guid: 3ba3977cfd232ee4cb33c740d2bfc98d, type: 2}
      propertyPath: m_LocalRotation.z
      value: 0
      objectReference: {fileID: 0}
    - target: {fileID: 442892, guid: 3ba3977cfd232ee4cb33c740d2bfc98d, type: 2}
      propertyPath: m_LocalRotation.w
      value: -1.62920685e-07
      objectReference: {fileID: 0}
    - target: {fileID: 442892, guid: 3ba3977cfd232ee4cb33c740d2bfc98d, type: 2}
      propertyPath: m_RootOrder
      value: 7
      objectReference: {fileID: 0}
    - target: {fileID: 144356, guid: 3ba3977cfd232ee4cb33c740d2bfc98d, type: 2}
      propertyPath: m_Name
      value: Tank (2)
      objectReference: {fileID: 0}
    m_RemovedComponents: []
  m_ParentPrefab: {fileID: 100100000, guid: 3ba3977cfd232ee4cb33c740d2bfc98d, type: 2}
  m_IsPrefabParent: 0
--- !u!4 &1833259753 stripped
Transform:
  m_PrefabParentObject: {fileID: 442892, guid: 3ba3977cfd232ee4cb33c740d2bfc98d, type: 2}
  m_PrefabInternal: {fileID: 1833259752}
--- !u!1001 &1853367557
Prefab:
  m_ObjectHideFlags: 0
  serializedVersion: 2
  m_Modification:
    m_TransformParent: {fileID: 54832223}
    m_Modifications:
    - target: {fileID: 400000, guid: 500772cad4b59fc4581aae4e6da4e8be, type: 3}
      propertyPath: m_LocalPosition.x
      value: 1.14999998
      objectReference: {fileID: 0}
    - target: {fileID: 400000, guid: 500772cad4b59fc4581aae4e6da4e8be, type: 3}
      propertyPath: m_LocalPosition.y
      value: 0
      objectReference: {fileID: 0}
    - target: {fileID: 400000, guid: 500772cad4b59fc4581aae4e6da4e8be, type: 3}
      propertyPath: m_LocalPosition.z
      value: .790000021
      objectReference: {fileID: 0}
    - target: {fileID: 400000, guid: 500772cad4b59fc4581aae4e6da4e8be, type: 3}
      propertyPath: m_LocalRotation.x
      value: 0
      objectReference: {fileID: 0}
    - target: {fileID: 400000, guid: 500772cad4b59fc4581aae4e6da4e8be, type: 3}
      propertyPath: m_LocalRotation.y
      value: 1
      objectReference: {fileID: 0}
    - target: {fileID: 400000, guid: 500772cad4b59fc4581aae4e6da4e8be, type: 3}
      propertyPath: m_LocalRotation.z
      value: 0
      objectReference: {fileID: 0}
    - target: {fileID: 400000, guid: 500772cad4b59fc4581aae4e6da4e8be, type: 3}
      propertyPath: m_LocalRotation.w
      value: -1.62920685e-07
      objectReference: {fileID: 0}
    - target: {fileID: 400000, guid: 500772cad4b59fc4581aae4e6da4e8be, type: 3}
      propertyPath: m_RootOrder
      value: 10
      objectReference: {fileID: 0}
    - target: {fileID: 400000, guid: 500772cad4b59fc4581aae4e6da4e8be, type: 3}
      propertyPath: m_LocalScale.x
      value: -1
      objectReference: {fileID: 0}
    - target: {fileID: 400010, guid: 500772cad4b59fc4581aae4e6da4e8be, type: 3}
      propertyPath: m_RootOrder
      value: 0
      objectReference: {fileID: 0}
    - target: {fileID: 400008, guid: 500772cad4b59fc4581aae4e6da4e8be, type: 3}
      propertyPath: m_RootOrder
      value: 1
      objectReference: {fileID: 0}
    - target: {fileID: 400006, guid: 500772cad4b59fc4581aae4e6da4e8be, type: 3}
      propertyPath: m_RootOrder
      value: 4
      objectReference: {fileID: 0}
    - target: {fileID: 400004, guid: 500772cad4b59fc4581aae4e6da4e8be, type: 3}
      propertyPath: m_RootOrder
      value: 3
      objectReference: {fileID: 0}
    - target: {fileID: 400002, guid: 500772cad4b59fc4581aae4e6da4e8be, type: 3}
      propertyPath: m_RootOrder
      value: 2
      objectReference: {fileID: 0}
    - target: {fileID: 100006, guid: 500772cad4b59fc4581aae4e6da4e8be, type: 3}
      propertyPath: m_TagString
      value: Floor
      objectReference: {fileID: 0}
    - target: {fileID: 100038, guid: 500772cad4b59fc4581aae4e6da4e8be, type: 3}
      propertyPath: m_TagString
      value: Floor
      objectReference: {fileID: 0}
    m_RemovedComponents: []
  m_ParentPrefab: {fileID: 100100000, guid: 500772cad4b59fc4581aae4e6da4e8be, type: 3}
  m_IsPrefabParent: 0
--- !u!4 &1853367558 stripped
Transform:
  m_PrefabParentObject: {fileID: 400000, guid: 500772cad4b59fc4581aae4e6da4e8be, type: 3}
  m_PrefabInternal: {fileID: 1853367557}
--- !u!1 &1886913733 stripped
GameObject:
  m_PrefabParentObject: {fileID: 165950, guid: d180b6e16b187f44585ab5b55c4d2677, type: 2}
  m_PrefabInternal: {fileID: 1790895784}
--- !u!81 &1886913734
AudioListener:
  m_ObjectHideFlags: 0
  m_PrefabParentObject: {fileID: 0}
  m_PrefabInternal: {fileID: 0}
  m_GameObject: {fileID: 1886913733}
  m_Enabled: 1
--- !u!1001 &2051999676
Prefab:
  m_ObjectHideFlags: 0
  serializedVersion: 2
  m_Modification:
    m_TransformParent: {fileID: 0}
    m_Modifications:
    - target: {fileID: 419098, guid: 80114ddfa5a4d3245a9e68d412e42d00, type: 2}
      propertyPath: m_LocalPosition.x
      value: 0
      objectReference: {fileID: 0}
    - target: {fileID: 419098, guid: 80114ddfa5a4d3245a9e68d412e42d00, type: 2}
      propertyPath: m_LocalPosition.y
      value: 0
      objectReference: {fileID: 0}
    - target: {fileID: 419098, guid: 80114ddfa5a4d3245a9e68d412e42d00, type: 2}
      propertyPath: m_LocalPosition.z
      value: 0
      objectReference: {fileID: 0}
    - target: {fileID: 419098, guid: 80114ddfa5a4d3245a9e68d412e42d00, type: 2}
      propertyPath: m_LocalRotation.x
      value: 0
      objectReference: {fileID: 0}
    - target: {fileID: 419098, guid: 80114ddfa5a4d3245a9e68d412e42d00, type: 2}
      propertyPath: m_LocalRotation.y
      value: 0
      objectReference: {fileID: 0}
    - target: {fileID: 419098, guid: 80114ddfa5a4d3245a9e68d412e42d00, type: 2}
      propertyPath: m_LocalRotation.z
      value: 0
      objectReference: {fileID: 0}
    - target: {fileID: 419098, guid: 80114ddfa5a4d3245a9e68d412e42d00, type: 2}
      propertyPath: m_LocalRotation.w
      value: 1
      objectReference: {fileID: 0}
    - target: {fileID: 419098, guid: 80114ddfa5a4d3245a9e68d412e42d00, type: 2}
      propertyPath: m_RootOrder
      value: 0
      objectReference: {fileID: 0}
    m_RemovedComponents: []
  m_ParentPrefab: {fileID: 100100000, guid: 80114ddfa5a4d3245a9e68d412e42d00, type: 2}
  m_IsPrefabParent: 0
--- !u!1 &2051999677 stripped
GameObject:
  m_PrefabParentObject: {fileID: 174894, guid: 80114ddfa5a4d3245a9e68d412e42d00, type: 2}
  m_PrefabInternal: {fileID: 2051999676}
--- !u!114 &2051999678
MonoBehaviour:
  m_ObjectHideFlags: 0
  m_PrefabParentObject: {fileID: 0}
  m_PrefabInternal: {fileID: 0}
  m_GameObject: {fileID: 2051999677}
  m_Enabled: 1
  m_EditorHideFlags: 0
  m_Script: {fileID: 11500000, guid: c8f4e18312a5183499ffde3d4756964c, type: 3}
  m_Name: 
  m_EditorClassIdentifier: 
  title: Boiler Room
  gameMaster: {fileID: 0}
